4748 6524
1058 725 1098 788 19

26 909 49 1013 J
69 898 104 1020 [Ἴ
220 933 352 999 ribus
374 931 568 1015 temporibus
591 931 677 1012 ἅγιος
699 929 767 996 voci
787 930 883 996 luisse
902 948 973 996 cum
988 949 1006 996 a
1021 927 1235 1011 compluribus
1249 927 1426 994 litterarum
1443 927 1619 994 divinarum
1633 928 1743 1010 locis1)
1760 933 1899 1010 apparet,

136 1037 175 1100 '²⁸-
224 1055 329 1116 tum
352 1051 402 1116 bis
423 1050 502 1133 ipsis
524 1048 780 1131 inscriptionibus
802 1046 1062 1131 comprobatur.‘)
1100 1045 1294 1128 Antiquioris
1316 1053 1421 1112 autem
1443 1046 1558 1112 aetatis
1581 1063 1651 1112 esse
1673 1048 1756 1112 bunc
1777 1048 1816 1113 de
1839 1066 1900 1130 quo

226 1168 383 1251 agimus
411 1167 538 1234 titulum
571 1166 646 1232 inde
672 1166 885 1247 cognoscitur,
913 1167 997 1250 qood
1023 1167 1106 1233 idem
1133 1166 1317 1232 Theodorus
1349 1165 1566 1252 ἀργυροκόπος
1588 1165 1684 1233 fuisse
1705 1166 1726 1230 i·
1750 1186 1777 1233 θ·
1800 1171 1900 1232 artem

23 1269 59 1304 '³'
78 1268 136 1330 ²⁷³¹-
236 1287 386 1369 argenti
409 1285 550 1354 caelandi
573 1284 749 1352 exercuisse
772 1285 895 1352 dicitur.
928 1286 1029 1364 Quam
1045 1304 1114 1352 cum
1130 1283 1342 1372 Kirchhoffius
1357 1290 1443 1352 recte
1458 1286 1570 1352 doceat
1592 1285 1665 1351 illa
1686 1291 1816 1352 aetate
1838 1304 1900 1352 noo

92 1397 141 1456 ³22²-
241 1407 465 1473 abhorruisse
486 1423 506 1470 a
527 1405 632 1472 clerici
653 1422 806 1487 persona,
837 1405 896 1470 etsi
918 1404 1024 1488 paullo
1047 1405 1152 1488 autel)
1175 1423 1282 1472 omnes
1304 1403 1448 1472 Galatiae
1475 1407 1583 1472 titulus
1610 1405 1802 1472 recentiores
1832 1423 1901 1472 esso

20 1497 115 1625 '‘j-'2
129 1538 147 1580 ·.·
244 1525 450 1604 declaravit,
479 1529 584 1590 mmeu
615 1525 690 1607 quin
720 1530 753 1591 at
778 1525 845 1607 ipse
873 1525 932 1592 boc
955 1530 1040 1592 certe
1061 1530 1296 1592 mouumentum
1319 1525 1359 1590 ad
1381 1525 1559 1608 antiquiora
1581 1529 1724 1606 tempora
1744 1526 1902 1608 pertinere

36 1626 47 1672 ¹*
61 1639 98 1708 ³³:
115 1661 139 1698 τ·
247 1651 390 1712 censeat
412 1663 473 1710 non
495 1647 545 1710 est
566 1642 707 1710 dubium.

365 1761 484 1828 Verum
505 1769 540 1828 ot
564 1767 760 1828 revertamur
782 1761 822 1829 ad
845 1762 1048 1844 propositum,
1072 1781 1134 1828 uon
1156 1780 1228 1828 raro
1251 1763 1398 1845 coniuges
1414 1767 1470 1828 ant
1484 1761 1599 1828 fratres
1615 1768 1809 1829 mortuorum
1825 1782 1901 1846 erga

16 1875 38 1920 ³⁴
56 1884 116 1946 11:
245 1899 295 1950 sc
312 1901 450 1949 amorem
465 1879 613 1948 laudibus
629 1887 751 1962 ornant,
774 1881 862 1947 velut
877 1882 909 1947 in
925 1881 1047 1964 titn104)
1064 1881 1203 1948 Romano
1220 1883 1406 1949 Artemisiae
1428 1882 1551 1948 cuidam
1575 1877 1766 1968 φιλάδελφος
1788 1901 1900 1965 cogno·

254 2021 335 2069 men
349 2001 478 2082 inditur,
501 2001 606 2084 paullo
622 2008 693 2084 post
716 2002 755 2067 de
777 2000 886 2068 cadam
908 2001 1037 2084 legitur:
1062 2001 1218 2066 κατέλιπεν
1240 2002 1337 2088 λύπην
1360 2001 1503 2088 ἀδελφῷ,
1526 2000 1685 2086 ἐμόνωσεν
1708 2004 1759 2064 τὸν
1782 2000 1896 2086 ἄνδρο;

255 2121 350 2188 aliud
373 2127 607 2189 monumentum
629 2120 745 2188 ibidem
767 2121 960 2204 repertum)
983 2120 1117 2204 positum
1141 2126 1190 2186 est
1211 2140 1230 2186 a
1252 2121 1384 2202 coniuge
1408 2121 1561 2207 θεσὸώρᾳ
1590 2127 1629 2208 τῇ
1658 2119 1828 2206 γλυκυτάτη
1852 2120 1900 2182 καὶ

257 2241 442 2328 ἀειμνὴσκφ
465 2239 590 2326 σομβίῳ
614 2241 715 2314 καλῶς
738 2238 985 2326 σοοβιωσομένη
1008 2241 1056 2302 καὶ
1079 2235 1315 2324 ἀμεμπτοτάτη;
1338 2237 1536 2304 delicatoria
1558 2243 1663 2304 autem
1686 2243 1787 2305 matre
1809 2237 1898 2306 fami·

254 2359 320 2426 lias
342 2359 474 2427 maritus
496 2359 574 2426 baec
596 2357 808 2442 profiscuum)

634 2474 671 2542 ‘H
689 2477 786 2542 πολλὰ
807 2477 1010 2563 ἀφροσνοῦσο
1033 2479 1085 2540 νῦν
1109 2474 1213 2550 εὕδεις
1235 2475 1414 2562 ἀμέριμνος,

639 2595 796 2683 Καρτερία
818 2597 1003 2684 γλυκυτάτη·
1027 2597 1135 2685 ελρηνη
1155 2595 1278 2678 μενέτω
1303 2620 1352 2660 σοι
1375 2595 1408 2659 ἐν
1430 2597 1538 2683 κυρίῳ.

645 2715 894 2804 Ἀσκληπιόιλοτος
916 2717 1102 2802 συμβιώσεις
1125 2715 1399 2780 πενδεκοιδέκατον
1422 2713 1492 2790 ἔτος

641 2836 707 2900 ἀντὶ
729 2836 850 2900 πολλῶν
873 2835 1061 2922 εὐεργεσιῶν
1081 2837 1206 2925 μνήμης
1223 2830 1317 2924 χάριν
1340 2833 1475 2922 ἔγραψα.

260 2955 412 3025 Similiter
434 2955 580 3024 Aurelius
602 2956 764 3024 Himerius
786 2955 915 3038 quidam
937 2956 976 3022 de
998 2955 1141 3038 morast)

244 3055 250 3072 ⁶
636 3071 755 3163 Ἐπειδὴ
778 3073 949 3162 σονέζησεν
968 3071 1038 3159 μετ’
1062 3073 1138 3160 ἐμοῦ
1161 3077 1215 3138 τοῦ
1238 3073 1354 3161 ἀνδρὸς

642 3198 756 3283 ἑαυτῆς
778 3195 880 3270 καλῶς
902 3196 950 3258 καλ
972 3193 1149 3282 σωφρόνως
1170 3192 1224 3284 ἔτη
1247 3193 1410 3282 τριάκοντα

641 3317 660 3402 η
683 3313 901 3400 Στροτονείκη,
924 3314 1059 3402 νεόφοτα
1081 3313 1214 3402 ἐξῆλθεν
1237 3314 1271 3379 ἐκ
1293 3318 1346 3380 τοῦ
1369 3315 1496 3400 κόσμον.

641 3433 698 3498 dat
720 3433 936 3522 ἐμνημόνευσα
959 3434 1054 3522 αὐτῆς
1077 3439 1131 3522 τῆς
1153 3433 1200 3509 εἷς
1222 3435 1278 3521 ἐμὲ
1299 3436 1509 3523 σωφροσύνης

639 3553 687 3616 καὶ
709 3551 839 3642 ἐποίησα
862 3554 963 3629 καλῶς
982 3555 1063 3638 μετὰ
1085 3557 1138 3619 τοῦ
1162 3556 1228 3619 οἱοῦ
1247 3577 1321 3639 μου.

264 3672 414 3739 Philonici
435 3675 542 3739 autem
563 3691 653 3740 soror
674 3691 770 3754 quam
791 3673 869 3742 bene
891 3673 990 3741 frater
1012 3691 1084 3742 cum
1105 3675 1174 3757 ipsa
1196 3675 1316 3758 vixerit,
1339 3674 1388 3742 his
1410 3675 1597 3757 pronunciat
1618 3675 1769 3759 verbis:⁸)

643 3789 691 3878 Τῷ
714 3791 810 3878 κορίφ
827 3792 960 3880 ἀδελφῷ
984 3791 1148 3879 Φιλονείκῳ
1171 3791 1292 3882 ἀδελφὴ

638 3909 770 4000 ἐποίησα
791 3911 869 3999 ἀξίῳ
892 3911 956 3978 ὄντι
977 3915 1026 3978 κοιλ
1049 3913 1174 4002 (baara
1195 3911 1296 3986 καλῶς

632 4031 705 4115 μετ’
728 4030 804 4117 ἐμοῦ
826 4030 943 4120 ἔτη...
1307 4053 1308 4056 ’

361 4151 429 4217 Ηοσ
450 4167 574 4232 quoque
596 4151 721 4232 saepius
743 4157 1013 4234 commemoratur,
1036 4151 1173 4236 aliquem
1192 4151 1294 4220 officio
1309 4169 1366 4218 suo
1381 4151 1526 4234 religiose
1540 4151 1681 4219 functum
1697 4169 1784 4236 esse;
1806 4151 1892 4218 velut

268 4287 360 4352 propa
382 4267 569 4336 Laodiceam
591 4267 767 4352 Lycaoniae
795 4276 955 4352 repertum
984 4277 1033 4339 est
1060 4277 1312 4352 monumentum,
1340 4271 1425 4352 quod
1453 4269 1616 4340 collocavit
1644 4289 1723 4338 uxor
1749 4269 1890 4356 Τινούτῳ,

267 4384 482 4474 εὐλοβεστάτῳ
510 4387 645 4480 διακόνῳ
674 4393 729 4478 τῆς
756 4393 809 4455 τοῦ
837 4388 914 4456 θεοῦ
944 4392 1032 4474 ἁγίοις
1058 4390 1218 4479 ἐκκλησίας
1250 4395 1312 4454 τῶν
1341 4389 1532 4472 Νοοιιτῶνβ)
1561 4395 1658 4473 atqua
1686 4389 1719 4454 io
1748 4388 1890 4454 Isauriae

266 4509 402 4592 sepulcro
424 4509 560 4592 quodam
582 4509 755 4591 acquiescit
772 4506 871 4597 Μάρις
894 4506 1079 4599 ἀρχιοιάκων
1102 4511 1202 4587 καλῶς
1225 4509 1461 4600 ἐξοτηρειησας
1480 4507 1530 4596 τῷ
1544 4507 1672 4595 laq];¹⁰)
1694 4509 1779 4575 iuter
1792 4508 1891 4591 Pbry-

266 4627 328 4709 giae
350 4633 456 4694 autem
479 4627 589 4694 titulos
611 4633 661 4695 est
681 4635 915 4696 monumentum

686 4745 838 4834 Ποιμένος
860 4747 989 4836 ἀρίστου
1012 4753 1074 4813 τῶν
1097 4747 1283 4837 θεορρὴτων
1305 4747 1459 4832 aldiraan)

269 4858 344 4928 Lorii
365 4865 500 4950 denique
521 4871 553 4936 in
576 4870 627 4936 via
649 4869 776 4936 Aurelia
798 4869 882 4953 quod
903 4875 1062 4954 repertum
1085 4868 1376 4954 estsepulurum12)
1399 4869 1456 4936 hos
1478 4885 1587 4936 versus
1609 4867 1750 4935 exhibet:

272 4983 465 5004 -ξ-

360 5034 747 5108 1)cl.act.a,a.itom.1,s.
833 5038 857 5108 λ)
876 5038 915 5095 df.
933 5041 1046 5096 nabes
1133 5039 1156 5106 ³)
1174 5037 1213 5094 Ol.
1231 5037 1274 5094 ad
1291 5055 1318 5093 n.
1336 5041 1411 5094 aaut).
1497 5039 1520 5108 ⁴)
1537 5053 1563 5091 n.
1575 5040 1651 5093 9683.
1737 5037 1759 5103 ⁵)
1771 5051 1797 5090 ιι.
1811 5036 1887 5092 9741.

267 5109 287 5186 ‘l
302 5123 413 5176 11-9785.
500 5125 655 5195 oneror.
742 5127 765 5196 ι)
782 5128 897 5186 numa
983 5127 1006 5195 ε)
1024 5128 1138 5184 scaea.
1224 5128 1259 5195 ν)
1276 5142 1301 5180 ιι.
1314 5128 1390 5183 cass.
1477 5125 1643 5194 11)n.aaar.
1683 5123 1886 5264 31ρειιιοοω.
