4748 6524
700 1215 782 1286 Sunt
803 1215 930 1301 quidem
957 1237 1019 1285 non
1048 1218 1138 1302 pouoi
1161 1217 1317 1286 eiusmodi
1340 1216 1434 1298 tituli,
1457 1235 1589 1300 quorum
1613 1217 1653 1284 de
1674 1219 1780 1284 estote
1799 1215 1877 1282 certi
1899 1215 2044 1297 qnisquam
2061 1240 2148 1307 nonog-

598 1337 791 1422 nosoetnr.¹)
824 1338 981 1422 Eqnibus
1004 1355 1074 1405 oum
1097 1357 1136 1405 ne
1164 1356 1260 1404 unum
1282 1335 1408 1420 quidem
1429 1341 1465 1402 ut
1487 1336 1692 1404 recentiorem
1707 1335 1879 1402 iudicemus
1895 1333 1955 1400 olle
1968 1353 2048 1403 muso
2057 1357 2150 1423 eogmu.

598 1457 763 1524 nonnullos
785 1455 854 1524 eliis
877 1457 941 1524 iam
963 1457 1039 1524 loeis
1062 1456 1300 1541 probaverimus
1316 1455 1493 1524 remotioris
1508 1456 1578 1524 ueri
1594 1474 1672 1538 esse,
1695 1472 1755 1522 non
1775 1454 1971 1522 temerarium
1984 1456 2090 1539 ridetur,
2104 1479 2148 1528 em-
2192 1463 2242 1526 ii:

598 1581 647 1642 tos
670 1575 839 1660 antiquiori
861 1577 959 1643 aetati
981 1575 1131 1644 tribuere.

701 1695 766 1761 lom
790 1714 864 1762 vero
886 1699 923 1761 nt
944 1712 963 1761 a
985 1694 1100 1778 quibus
1123 1695 1322 1794 potissimum,
1343 1699 1545 1760 monuments
1566 1693 1718 1762 collocuta
1740 1693 1804 1759 sint
1825 1694 2023 1777 inquiremus,
2040 1696 2150 1781 plerunque
2191 1762 2192 1792 η

598 1933 750 2001 hebemus
772 1931 1057 2018 inscriptionemff)

1007 2083 1157 2167 Σεπτιμῖα
1178 2083 1320 2174 Ἰονλιιινή
1344 2084 1435 2174 νηπία
1457 2084 1537 2152 ἐτῶν
1559 2111 1579 2171 γ
1597 2091 1708 2176 μηνῶν
1728 2089 1755 2170 β

1011 2206 1141 2293 ήμεμῶν
1162 2193 1180 2268 ἷι
1202 2203 1461 2293 κοιμηθεῖσα...
1485 2206 1603 2273 ἐνθάδε
1625 2211 1730 2272 κεῖται.
1752 2206 1862 2271 Σεπτί-

1004 2347 1139 2411 μιος...
1164 2327 1213 2390 καὶ
1234 2323 1385 2411 Σεπτιμῖα
1406 2321 1551 2416 Ῥουμῖνα
1573 2331 1675 2412 γονεῖς
1698 2328 1794 2416 τέκνῳ

1007 2445 1186 2531 γλυκυτάτη
1209 2441 1354 2534 ἔστησαν.

598 2565 731 2631 Brevius
753 2565 861 2631 eudem
884 2563 995 2631 titulus
1018 2565 1177 2631 Romanus
1199 2564 1388 2648 deolurott³)

1005 2681 1130 2770 Διδύμην
1153 2683 1335 2770 γλυκυτάτην
1358 2687 1387 2748 οἱ
1410 2687 1522 2768 γονεῖς.

597 2803 716 2872 Ibidem
739 2825 756 2870 e
778 2806 965 2872 coemeterio
987 2803 1112 2871 callisti
1134 2812 1167 2871 et
1188 2803 1383 2872 Praetextati
1406 2813 1516 2873 erutus
1539 2815 1589 2874 est
1610 2808 1661 2876 hic
1683 2809 1810 2894 lepis:⁴)

1006 2923 1136 3013 Μνήμης
1154 2923 1248 3012 χάριν
1271 2929 1394 3008 γονεῦσι
1416 2928 1529 3010 ἁγνοῖς,
1558 2928 1716 3016 Τμνφέμῳ

1008 3043 1100 3130 πατμῖ
1122 3044 1170 3109 καὶ
1193 3043 1408 3133 Ἀμιοτοιιμιίτη
1428 3048 1524 3135 μητρὶ
1546 3045 1723 3130 Ἆγοιλονλῖοι

1006 3164 1054 3227 eui
1078 3163 1149 3252 Νίκη
1173 3163 1347 3250 θυγατέρες
1370 3167 1417 3229 καὶ
1435 3162 1621 3256 Ἀγαθοκλῆς
1645 3168 1718 3243 υἱός.

699 3284 820 3350 Deinde
850 3303 911 3351 non
941 3302 1012 3350 roro
1041 3283 1155 3351 iratres
1182 3303 1366 3368 sororesque
1396 3291 1452 3352 out
1481 3289 1628 3370 coniuges
1656 3291 1844 3372 superstites
1875 3292 2067 3357 monumento
2089 3279 2160 3348 norim

598 3401 800 3480 collocabant,
823 3409 859 3470 ut
881 3405 997 3470 Romen
1020 3403 1052 3468 in
1076 3405 1261 3471 coemeterio
1283 3403 1450 3487 cyriacae:

1005 3519 1109 3597 Πῖοτις
1132 3531 1178 3609 τῷ
1200 3521 1269 3609 λὸἰῳ
1293 3521 1426 3610 ἀδελφῷ
1445 3527 1569 3614 μνήμην
1592 3523 1789 3615 ἀνέθηκενῡ)

598 3641 730 3708 lbldem·
1008 3724 1202 3800 Φιλιππιανὸς
1224 3723 1359 3812 ἀδελφῷ
1382 3726 1557 3815 ἀσογκμῖτῳ
1580 3731 1629 3794 πολ

1007 3842 1184 3933 ἐπιζητητηῖ
1203 3847 1328 3935 μνήμης
1344 3849 1438 3936 γάμιν
1461 3847 1648 3936 ἐποίησεν)

599 3999 631 4064 in
654 3999 841 4066 coemeterio
863 3999 1034 4066 Thrasonis
1057 4006 1090 4067 et
1112 3999 1288 4068 Saturnini:
1739 3971 1743 3980 ⁴

1009 4119 1127 4206 Μάρκῳ
1152 4119 1291 4209 Αὐμηλῖῳ
1315 4120 1441 4207 σομβίῳ
1463 4121 1638 4211 ἐπιζητητηῖ
1660 4123 1877 4212 Σαβινιονή.7)

597 4235 631 4301 in
654 4237 841 4302 coemeterio
863 4235 1046 4304 Tertullini:

1012 4359 1059 4446 Ίή
1082 4359 1173 4448 νινμῖᾳ
1195 4361 1243 4424 καῖ
1265 4359 1442 4447 ἀειμνήοτῳ
1465 4361 1589 4448 ονμβῖῳ
1614 4362 1798 4450 Μαρκίᾳ...

1002 4473 1148 4542 Ἀλνπῖιον
1171 4477 1325 4567 ἐποίησεν.
1333 4479 1358 4562 ⁸)

600 4591 705 4658 Etiam
727 4597 901 4678 complures
922 4598 1113 4679 propinquos
1136 4617 1202 4664 rem
1225 4598 1401 4681 suscepisse
1423 4599 1514 4666 docet
1541 4599 1653 4666 titulus
1675 4597 1919 4685 Cyrenensis,⁹)
1949 4619 2041 4684 quem
2064 4584 2160 4662 nenti
2241 4619 2242 4648 ι

600 4712 723 4778 cuidem
745 4720 778 4780 et
799 4713 894 4783 filiolo
917 4718 984 4784 eius
1006 4724 1178 4800 posuerunt

1007 4835 1181 4912 Κάλλιππος
1203 4837 1220 4897 ὁ
1243 4837 1322 4926 ἀνήρ
1344 4837 1439 4925 αὐτῆς
1461 4839 1509 4901 καὶ
1531 4838 1643 4924 ἑκυρὸς
1665 4839 1759 4904 αὐτοῦ
2241 4841 2242 4908 i

1008 4955 1101 5031 Γάιος
1123 4958 1171 5020 καὶ
1193 4955 1337 5042 γαμβρὸς
1359 4955 1453 5020 αὐτοῦ
1475 4955 1684 5040 Πολύβονλος.
2226 4988 2242 5023 u

701 5072 780 5138 Tum
796 5073 977 5155 saepissimo
990 5076 1103 5158 aliquis
1118 5095 1187 5143 sese
1202 5075 1314 5142 emisse
1329 5075 1389 5144 sibi
1405 5077 1532 5160 suisque
1547 5077 1755 5160 sepulcrorum
1771 5079 1893 5146 titteris
1907 5079 2047 5155 mundet,
2063 5071 2185 5139 utssontet
2229 5050 2233 5071 ¹

702 5329 1326 5393 1)n.os5o.9504.9584.9546.9547.9888.
1446 5328 1600 5395 'inim
1704 5333 1862 5400 unetos.
1984 5327 2123 5400 ⁴)n9648

599 5411 755 5479 onemo.
856 5415 1010 5482 ⁸)m9615.
1115 5416 1270 5486 ⁷)u.9708.
1374 5416 1528 5485 ⁸)m9506.
1630 5417 1785 5486 unetos.
2241 5431 2242 5476 t
