4748 6524
1296 797 1339 861 44

565 995 569 1006 '
595 997 658 1067 Pro
681 999 774 1066 dictis
796 1017 1020 1084 nonnunquam
1043 999 1220 1068 litterarum
1243 1002 1418 1067 divinornm
1441 1001 1501 1068 loci
1522 1001 1699 1068 afferuntur
1721 1002 1766 1069 ita
1787 1007 1892 1068 tamen
1913 1007 1956 1070 ut
1983 1001 2112 1067 rarius
2130 1000 2173 1064 nd

492 1120 622 1186 verbum
656 1119 924 1186 transscribantur
960 1119 1061 1202 (uelut
1094 1121 1127 1186 in
1163 1119 1256 1186 titulo
1285 1120 1368 1184 9153
1404 1127 1437 1186 et
1470 1119 1588 1186 Psalmi
1620 1117 1729 1184 XXIII
1763 1120 1888 1186 initium
1917 1119 2057 1204 Κύριος
2103 1141 2169 1182 ποι-

490 1237 593 1322 μαίνει
615 1239 677 1302 κτλ.
699 1238 739 1304 ed
767 1237 906 1304 litteram
929 1239 1065 1304 consinii
1092 1257 1162 1307 cum
1191 1239 1296 1306 verbis
1319 1237 1410 1304 LXX
1431 1219 1640 1322 iuterprctem
1667 1247 1700 1306 et
1720 1237 1811 1306 Pauli
1838 1238 2005 1322 epIstolae
2040 1237 2167 1318 prioris

492 1358 532 1423 ad
556 1356 736 1424 Corinthios
758 1356 874 1424 missae
896 1375 1007 1424 uersus
1030 1357 1191 1441 quidam¹)
1215 1357 1281 1424 solo
1303 1357 1393 1423 initio
1416 1356 1556 1440 paullum
1581 1359 1746 1424 immutato
1775 1359 1919 1424 omnibus
1951 1357 2080 1422 verbis
2113 1375 2167 1421 cx·

492 1494 620 1560 pressus
643 1477 716 1558 est),
738 1476 863 1558 saepius
886 1478 1043 1543 sententia
1065 1477 1272 1556 describatur,
1294 1478 1390 1544 verbo
1412 1495 1474 1542 non
1497 1479 1684 1543 conveniant
1705 1475 1882 1565 ἀρχετύπῳ.
1918 1475 1960 1542 In
1989 1473 2163 1541 Bonifacii

492 1594 674 1663 (intluensis
696 1603 907 1678 monumento,
931 1603 969 1661 ut
990 1595 1132 1679 exemplo
1155 1603 1236 1674 utar,
1260 1615 1371 1661 versus
1395 1614 1413 1661 e
1433 1595 1524 1662 Pauli
1548 1595 1682 1678 epistola
1704 1596 1744 1661 ad
1760 1597 1917 1662 Romanos
1940 1595 2084 1677 scripta
2107 1593 2162 1659 de

492 1713 660 1798 promptII)
683 1715 743 1781 boc
765 1715 858 1780 modo
881 1713 969 1780 allati
991 1721 1083 1780 sunt:
1107 1707 1148 1778 ‘H
1167 1718 1229 1778 τῶν
1251 1715 1373 1777 πολλῶν
1397 1711 1535 1798 θλίψεων
1551 1713 1692 1800 ὑπομονὴ
1715 1712 1823 1778 ἐλπίδα
1845 1713 2018 1800 σωτηρίας
2044 1733 2159 1795 κατερ-

380 1913 384 1920 .
491 1835 626 1916 γάζεται.
672 1833 823 1901 Similiter
850 1853 921 1901 cnm
950 1833 1068 1901 Paulus
1096 1835 1127 1900 in
1157 1833 1289 1917 epistola
1317 1834 1418 1901 altera
1444 1835 1484 1900 ad
1506 1834 1702 1900 Timotheum
1725 1833 1854 1916 missa⁸)
1878 1829 2156 1898 commonefaciat

492 1953 610 2021 Christi
632 1956 886 2042 καταργήσαντος
904 1954 963 2038 μὲν
987 1957 1038 2017 τὸν
1062 1951 1215 2034 θάνατον,
1250 1953 1443 2039 φωτίσαντος
1466 1953 1502 2016 δὲ
1525 1953 1622 2041 ζωὴν,
1647 1952 1787 2020 nonnulli
1810 1951 1895 2019 ticnli
1917 1949 2153 2031 Nubiensoe⁴)

490 2077 570 2142 baec
591 2075 739 2142 exhibent
761 2076 870 2142 verba:

896 2191 926 2258 ‘0
948 2192 1024 2268 θεὸς
1046 2198 1108 2257 τῶν
1132 2195 1316 2276 πνευμάτων
1338 2193 1386 2256 καὶ
1409 2193 1512 2279 πάσης
1534 2192 1660 2278 σαρκός,
1684 2193 1701 2255 ὁ

903 2314 956 2376 τὸν
979 2311 1116 2376 θάνατον
1138 2313 1338 2400 καταργήσας
1362 2313 1410 2376 καί
1432 2306 1514 2400 ᾅδην
1537 2310 1747 2386 καταποτίσας

902 2435 950 2496 καί
983 2429 1068 2521 ζωήν
1092 2439 1138 2518 τῷ
1161 2433 1269 2517 κόσμῳ
1287 2434 1566 2521 χαρισάμενος...

492 2551 619 2633 Insigne
641 2551 777 2634 denique
798 2550 899 2617 Hierii
921 2553 1083 2619 cuinsdem
1106 2553 1293 2634 sepulcrum,
1316 2551 1371 2633 qni
1393 2549 1482 2616 Pauli
1506 2551 1610 2628 verba,
1632 2549 1747 2630 quibus
1768 2549 1964 2615 Christianos
1987 2549 2038 2613 ait
2059 2544 2139 2612 indi·

492 2671 556 2735 cari
586 2672 709 2734 πάντων
739 2670 901 2759 περίψημα
909 2671 934 2753 ⁶)
963 2673 1027 2736 Iam
1056 2689 1148 2736 snum
1179 2669 1297 2736 dictum
1327 2670 1437 2736 iecisse
1467 2687 1587 2752 suoque
1616 2673 1818 2734 monumento
1845 2667 1974 2734 inscribi
2008 2667 2137 2732 videtur

491 2789 636 2854 iussisse:
668 2787 731 2872 ἐγὼ
754 2789 916 2876 περίψημα
938 2791 1072 2852 πάντων.

593 2907 679 2974 Haec
700 2907 862 2974 hactenus.
897 2905 1069 2973 Possumus
1091 2907 1239 2974 nonnulla
1261 2907 1386 2975 adicere
1408 2907 1447 2974 dc
1463 2909 1586 2974 dnobus
1601 2907 1810 2973 monumentis
1825 2907 1955 2972 maxime
1969 2899 2131 2980 notandIs,

490 3044 623 3108 quornm
645 3025 812 3108 ulterumi)
836 3026 963 3090 Flaviae
985 3025 1111 3093 cuidam
1124 3027 1291 3105 Romanae,
1314 3043 1396 3106 quac
1419 3026 1708 3092 Valentinianorum
1731 3025 1840 3091 addita
1861 3023 1920 3090 init
1940 3027 2055 3097 sectae
2078 3037 2129 3084 ex·

491 3151 647 3210 structum
671 3151 729 3224 est,
752 3145 784 3210 in
806 3143 949 3226 altero‚⁷)
972 3144 1193 3226 Augustoduni
1205 3143 1326 3210 Galliae
1348 3151 1483 3228 reporto,
1506 3146 1546 3210 dc
1568 3163 1664 3212 coena
1679 3145 1804 3210 Domini
1824 3145 1875 3226 agi
1898 3148 2031 3209 constet
2064 3139 2126 3205 Sed
2197 3135 2200 3142 '

491 3265 637 3345 quoniam
660 3262 738 3328 illud
761 3261 973 3335 Kirchboilius
996 3261 1170 3342 enarravit,
1198 3263 1237 3328 de
1259 3263 1317 3328 boc
1339 3281 1409 3328 cum
1431 3263 1485 3328 alii
1508 3264 1566 3329 viri
1589 3263 1673 3329 docti
1695 3269 1763 3327 tum
1786 3261 1936 3328 Frauqus
1958 3258 2066 3326 libello
2087 3257 2126 3320 de

488 3383 550 3448 bac
570 3384 640 3464 Ipsa
661 3381 864 3465 inscriptione
879 3381 1053 3462 composito
1075 3380 1206 3446 uberius
1229 3381 1511 3464 disputaveruntl)
1534 3382 1612 3446 satis
1635 3381 1787 3447 babemus
1809 3399 1845 3446 en
1864 3391 2125 3444 commemorasse

492 3499 729 3583 disserendique
751 3499 883 3566 iacimus
905 3498 1009 3564 finem.

593 3740 616 3804 1>
633 3737 655 3790 1.
673 3737 735 3794 Cor.
755 3743 795 3807 15,
812 3741 854 3794 53.
957 3736 980 3802 ⁹)
998 3734 1074 3790 Rom.
1092 3739 1117 3800 5,
1136 3739 1159 3791 3.
1177 3740 1215 3790 4.:
1242 3737 1410 3808 καυχώμεθα
1422 3736 1451 3787 ἐν
1469 3739 1530 3796 ταῖς
1541 3735 1666 3802 θλίψεσιν
1678 3735 1786 3794 εἰδότες
1797 3733 1976 3804 ὅτιὴιλλῖψις
1987 3724 2112 3792 ὑπομονὴν

489 3825 702 3894 κατεργάζεται,
725 3825 743 3894 ί)
761 3825 791 3877 δὲ
814 3821 935 3892 ὑπομονὴ
953 3821 1073 3886 δοκιμήν,
1091 3819 1108 3888 ἡ
1127 3820 1157 3872 δὲ
1174 3821 1270 3892 δοκιμὴ
1288 3821 1391 3875 ἐλπίδα.
1502 3823 1526 3888 ⁸)
1543 3821 1578 3875 11.
1597 3821 1665 3875 Tim.
1680 3824 1703 3889 1,
1723 3821 1762 3874 10.
1873 3818 1898 3888 4)
1917 3832 1944 3870 n.
1956 3817 2026 3871 912⁰.
2042 3811 2111 3866 9121.

419 3945 421 3950 ,
490 3907 726 3982 ⁵)1.cor.4‚13,
829 3913 852 3978 ⁶)
869 3928 895 3966 n.
908 3913 1004 3966 9595·⁸
1124 3907 1146 3974 ²)
1164 3925 1190 3964 m
1203 3911 1278 3963 9890.
1399 3907 1422 3977 ⁸)
1441 3906 1614 3962 ObrIstIicbes
1630 3903 1765 3960 Denkmal
1781 3918 1834 3958 von
1851 3903 1956 3956 dutum
1985 3899 2047 3954 1841.
