4748 6524
1378 671 1418 736 18

578 877 764 945 vocabulum
787 877 889 942 sexies
912 875 1037 941 omuino
1059 879 1170 942 exstat.
1217 878 1321 958 Atque
1343 876 1471 944 titulum
1494 877 1578 940 9179
1602 876 1729 960 quidem
1752 877 2029 946 Kirchboffius
2074 879 2212 943 solum
2239 883 2278 940 er

578 995 801 1080 scriptionibus
817 993 930 1078 Coryci
952 996 1085 1078 repertis
1107 1002 1220 1079 quarto
1243 996 1405 1063 ueletiam
1426 997 1520 1062 tertio
1541 996 1668 1063 saeculo
1688 997 1808 1078 tribuit,
1831 997 2046 1066 similiter·
2068 998 2234 1064 titulum
2251 995 2278 1060 sl

580 1117 618 1181 V.
642 1113 688 1180 cl.
712 1135 749 1180 ex
771 1113 1012 1198 antiquioribus,
1035 1113 1153 1183 saeculi
1177 1117 1262 1183 tertii
1285 1115 1438 1199 quartire,
1462 1123 1570 1184 censet
1591 1135 1676 1197 esse;
1698 1117 1781 1184 idem
1804 1119 1963 1184 titulum
2004 1118 2134 1184 9285
2159 1119 2278 1184 interl

580 1235 774 1318 tiquissimos
796 1233 996 1301 referendum
1019 1237 1202 1316 arbitratur,
1224 1241 1322 1319 utque
1338 1235 1381 1301 sit
1396 1233 1490 1301 fallax
1503 1236 1704 1302 litteraturae
1718 1238 1849 1318 species,
1870 1256 1922 1304 ne
1948 1239 2022 1304 sic
2045 1238 2208 1319 quidem
2226 1233 2278 1302 teri

580 1375 611 1438 p.
626 1353 701 1420 Obr.
723 1355 848 1422 saeculo
871 1354 1075 1421 recentiorem
1099 1354 1309 1434 iudicandum,
1333 1355 1448 1422 deinde
1471 1355 1555 1420 tituli
1578 1356 1662 1421 9968
1685 1362 1719 1422 et
1740 1357 1824 1422 9969
1847 1358 1878 1422 in
1894 1358 2085 1426 saeculo
2104 1365 2174 1424 aut
2189 1372 2278 1437 quani

580 1481 637 1541 aut
658 1475 767 1556 quinto
789 1475 829 1540 ab
853 1493 889 1540 eo
911 1479 1086 1558 ponuntur;
1109 1473 1149 1540 de
1171 1473 1264 1540 titulo
1286 1473 1371 1540 9439
1394 1475 1528 1558 denique
1550 1473 1777 1542 Kircbboliius:
1810 1476 1978 1558 rutulus,
2014 1477 2165 1561 inquit,
2186 1495 2225 1541 er
2238 1485 2278 1538 rr?

580 1594 779 1676 trucioribus,
802 1595 929 1674 saeculi,
952 1601 989 1660 ut
1011 1595 1152 1674 videtur,
1179 1613 1210 1676 p.
1233 1593 1307 1660 Chr.
1330 1594 1417 1660 tertii
1439 1595 1488 1661 rel
1511 1595 1607 1660 etiam
1629 1595 1788 1662 secundi«
1837 1594 2016 1679 Cumque
2047 1598 2180 1663 titulos
2202 1596 2265 1659 aas

580 1731 705 1796 quoque
727 1713 949 1794 Lugdunensis
972 1713 1054 1779 sicut
1076 1719 1201 1779 ceterae
1223 1711 1344 1778 Galliae
1366 1713 1585 1796 inscriptiones
1607 1713 1727 1782 Graeco
1751 1733 1894 1782 sermone
1927 1717 2167 1800 compositae
2192 1715 2252 1797 prrb

580 1835 669 1900 ribus
690 1831 824 1898 saeculis
846 1832 888 1896 sit
909 1831 1151 1907 adscribendus,
1178 1833 1247 1899 iure
1268 1833 1343 1898 mihi
1366 1831 1474 1899 videor
1496 1833 1590 1900 etiam
1613 1853 1650 1900 ea
1671 1835 1860 1916 paucissima
1887 1843 2142 1903 monumenta
2165 1833 2253 1916 γλωσ-
2277 1855 2278 1878 o

581 1973 673 2026 τατος
695 1969 803 2018 rocem
827 1951 1014 2030 exhibentia,
1036 1969 1168 2034 quorum
1191 1951 1230 2016 de
1252 1957 1356 2018 aetate
1378 1952 1457 2017 certi
1480 1951 1556 2017 nihil
1577 1953 1741 2034 constat,¹)
1763 1954 1962 2034 antiquioris
1982 1955 2070 2022 aevi
2093 1973 2164 2020 esse
2178 1951 2241 2016 alir-

580 2091 676 2138 mare.
723 2069 873 2137 Similiter
895 2075 1017 2137 ceteras
1039 2089 1163 2154 quoque
1186 2088 1291 2147 voces,
1314 2087 1395 2150 quac
1416 2087 1553 2138 amorem
1582 2072 1787 2155 superstitum
1814 2073 2035 2156 significant,
2073 2073 2160 2140 relat
2175 2071 2231 2150 ογο

583 2193 690 2279 πητίς,
706 2189 902 2279 ἐπιθομγτός,
926 2191 1115 2280 ἐπιζγτνγτός,
1138 2190 1324 2279 ἀείμνηστος
1338 2195 1395 2257 aut
1411 2191 1596 2280 ἀείμνηστος
1611 2191 1644 2254 ἐν
1659 2189 1738 2277 θεῷ,
1761 2191 1965 2278 ἀσύγκριτος,
1992 2193 2144 2281 ἥδιστος,
2159 2207 2231 2274 προς·

584 2311 774 2396 φιλέστατος,
797 2311 1028 2386 ποθεινότατος,
1051 2310 1210 2396 γλυκερός,
1234 2315 1305 2396 φῶς
1328 2312 1463 2391 denique
1484 2311 1661 2394 appositum
1685 2329 1755 2377 cum
1778 2330 1897 2394 eorum,
1920 2313 2055 2396 quibus
2078 2309 2217 2378 condren

583 2436 649 2511 tur,
678 2432 841 2498 titulorum
864 2431 1014 2515 plurimos
1043 2431 1254 2516 antiquissimi
1280 2435 1404 2496 constet
1430 2448 1499 2496 esse
1526 2430 1609 2506 aevi,
1637 2429 1862 2514 posterioribus
1892 2432 2046 2498 saeculis
2074 2449 2116 2496 ne
2140 2443 2213 2494 nunu

581 2550 705 2633 quidem
721 2552 816 2616 certis
839 2551 960 2618 indiciis
982 2569 1132 2632 cogamur
1154 2549 1303 2628 tribuere,
1327 2553 1457 2632 propter
1478 2567 1631 2632 pagenam
1654 2549 1805 2632 originem
1827 2548 2001 2632 paullatim
2026 2551 2060 2614 in
2082 2567 2138 2612 nso
2156 2561 2208 2610 esse

581 2669 701 2736 desisse
723 2669 898 2753 putandum
920 2675 978 2735 est.
1023 2667 1189 2752 Proprium
1211 2668 1358 2734 nimirum
1381 2673 1450 2735 erat
1477 2669 1658 2737 recentioris
1686 2671 1800 2736 aetatis
1829 2671 2025 2753 postpositis
2051 2669 2137 2735 rebus
2158 2664 2197 2728 lu·

581 2789 680 2855 manis
707 2787 896 2856 caelestibus
922 2788 1118 2870 potissimum
1146 2787 1284 2854 studere.
1336 2787 1451 2872 Itaque
1477 2806 1559 2870 quse
1587 2788 1730 2856 valerent
1756 2789 1797 2856 ad
1825 2787 2006 2857 efferendos
2033 2795 2196 2855 mortuoruru

580 2907 718 2988 placidos
741 2925 845 2974 mores
867 2907 1157 2990 iucunditatemque
1178 2911 1322 2988 naturae,
1344 2907 1512 2991 praecipue
1534 2908 1564 2973 in
1586 2907 1817 2991 antiquioribus
1839 2909 1941 2974 titulis
1964 2909 2077 2974 litteris
2092 2901 2187 2970 mundt-
2269 2959 2272 2989 ,

580 3025 703 3106 bantur,
726 3025 954 3092 recentioribus
976 3027 1076 3108 magis
1098 3027 1248 3092 sanctitas
1271 3027 1434 3109 pietasque
1456 3045 1532 3110 erga
1546 3027 1647 3094 Deum
1668 3027 1814 3096 laudibus
1834 3027 2060 3096 celebrabatur.
2089 3024 2181 3089 lucus
2264 3025 2268 3110 l

581 3144 710 3210 meterio
733 3142 863 3221 Callisti,
886 3151 922 3211 ut
942 3145 1079 3228 primum
1093 3147 1274 3212 vetustioris
1297 3145 1381 3211 illius
1401 3147 1525 3228 generis
1546 3145 1688 3227 exempla
1707 3145 1855 3213 nonnulla
1877 3144 2051 3226 afferamus,
2070 3139 2179 3224 sepultus
2263 3110 2271 3270 γ)

582 3270 632 3330 est
653 3263 831 3348 Gorgonius
854 3266 991 3348 quidam,
1015 3269 1090 3328 πᾶσι
1112 3264 1201 3352 φίλος
1223 3265 1272 3328 καὶ
1294 3263 1395 3329 οὐδενὶ
1418 3262 1581 3353 ἐχθρόςΰ)
1606 3264 1645 3331 de
1672 3265 1791 3347 virgine
1817 3265 1953 3346 quadem
1983 3267 2102 3331 Rouana
2117 3255 2171 3336 lagi
2266 3274 2271 3363 γ

581 3401 665 3449 mus:
698 3383 928 3469 προςέκρουσεν
950 3382 1056 3448 οὐδενί
1061 3383 1102 3468 ;³)
1130 3383 1273 3451 similiter
1294 3383 1519 3466 praedicantur
1535 3379 1721 3472 Ἑρμογένης
1743 3385 1844 3457 καλῶς
1867 3383 2003 3470 πράξας,
2019 3375 2163 3471 μγάίνοίν·

2263 3383 2268 3457 l

583 3503 696 3590 στήσας,
715 3503 827 3589 μηδενί
850 3501 1097 3590 προςκρούοοςί)
1119 3507 1152 3568 et
1176 3501 1351 3590 Νινηφόρος
1374 3502 1534 3576 πλείστους
1563 3503 1671 3588 φίλους
1699 3503 1865 3589 προλιπών.
1874 3503 1900 3586 ⁶)
1946 3505 1982 3570 In
2001 3504 2050 3570 hut
2067 3509 2158 3565 numeri
2266 3474 2271 3561 ί

579 3623 673 3688 etiarn
697 3621 854 3688 Theodori
876 3623 1038 3689 cuiusdam
1061 3623 1218 3704 Ancyrani
1241 3621 1424 3689 referendus
1446 3627 1496 3690 est
1518 3623 1681 3706 tituluszss)

977 3738 1110 3807 Ἐνθοὶἀε
1132 3743 1306 3831 κεκοίμηται
1328 3742 1345 3804 ὁ
1368 3741 1479 3816 δοῦλος
1501 3745 1555 3806 τοῦ
1577 3741 1655 3806 θεοῦ
1679 3741 1845 3828 Θεόδωρος

984 3860 1200 3947 πρεσβύτερος
1222 3864 1285 3923 τῶν
1307 3858 1402 3943 ἁγίων
1424 3859 1473 3924 καὶ
1494 3860 1719 3948 ἀργυροκόπος,
1742 3863 1760 3926 d

984 3981 1108 4044 πάντων
1131 3978 1229 4066 φίλος.

681 4099 731 4165 Ad
747 4118 841 4183 quem
861 4117 931 4166 cum
947 4097 1158 4166 Kirchholfius
1180 4097 1320 4179 adnotat,
1344 4097 1561 4183 πρεσβύτερον
1583 4103 1645 4163 τῶν
1668 4102 1763 4184 ἁγίων
1785 4102 1848 4170 dici
1863 4103 2032 4172 Theodorum
2050 4093 2138 4173 ’litime

580 4217 635 4312 qui
657 4223 741 4284 esset
762 4217 911 4284 ccclesiae
933 4219 1130 4302 praepositus
1153 4222 1333 4284 sanctorum
1355 4218 1551 4301 quorundam
1573 4221 1749 4288 nominibus
1771 4222 1903 4303 dicatae,
1926 4241 1991 4306 quae
2006 4234 2058 4284 cun
2073 4229 2086 4276 a
2099 4225 2134 4272 ne
2264 4236 2268 4309 3

581 4337 663 4401 mine
685 4338 915 4418 ignorarentur,
938 4337 1131 4421 significasse
1153 4339 1231 4405 satis
1253 4337 1401 4404 habuerit
1423 4339 1656 4420 quadratarius,
1680 4359 1741 4406 non
1764 4342 1948 4422 nominasse,
1965 4338 2003 4406 rel
2017 4331 2130 4402 admou-
2262 4328 2269 4433 l

581 4455 695 4536 nium,«
721 4457 826 4524 nescio
849 4476 889 4522 an
912 4459 1065 4524 erraverit
1087 4455 1126 4520 V.
1151 4454 1196 4522 Ol.
1234 4457 1343 4540 Neque
1365 4459 1447 4524 enirn
1469 4477 1507 4525 ea
1529 4461 1654 4525 notione
1675 4478 1769 4540 qnam
1791 4459 1990 4528 Kirobhoidun
2005 4453 2071 4522 verbo
2084 4442 2131 4510 ill*

581 4575 638 4639 icit
658 4575 841 4656 simpliciter
863 4577 1080 4658 presbyterum
1103 4581 1280 4642 sanctorum
1304 4581 1360 4641 aut
1381 4583 1553 4660 martyrum
1576 4596 1763 4662 quemquam
1785 4581 1942 4662 appellare
1958 4577 2053 4646 unior
2066 4565 2127 4630 licen

582 4693 637 4759 sed
655 4691 870 4779 πρεσβύτερος
892 4713 961 4760 cum
984 4697 1011 4760 is
1033 4694 1084 4773 sit,
1107 4695 1161 4778 qui
1183 4696 1347 4760 conventui
1370 4693 1619 4761 Christianorum
1641 4697 1784 4773 consulit,
1805 4701 1851 4764 ita
1872 4697 1966 4765 soluru
1984 4687 2055 4775 aliquit
2068 4693 2121 4764 pres·
2259 4691 2266 4740 ί

581 4811 672 4893 byter
694 4817 872 4878 sanctorum
895 4813 1047 4881 nominari
1070 4817 1189 4896 potest,
1218 4819 1255 4880 ut
1276 4815 1375 4879 sancti
1396 4813 1460 4880 siut
1481 4814 1621 4884 homines
1643 4815 1834 4903 Christiani;
1860 4835 1952 4900 quam
1970 4797 2114 4884 ,impiqdr
2267 4797 2268 4807 ί

582 4931 786 4946 '¹——nu———r-n

580 5065 606 5130 ὅ)
663 4981 857 5119 9Zssnsosae
875 4985 951 5038 sess.
969 4983 1066 5038 soora
1183 4981 1339 5051 onaan
1476 4984 1499 5052 ε)
1516 4987 1630 5041 norea
1765 4986 1789 5054 ⁴)
1807 4989 1920 5042 usses
2021 4955 2096 5046 lei*

625 5079 651 5118 ll·
732 5105 738 5118 .
