4748 6524
1291 723 1333 788 30

1210 808 1413 824 *a*

494 939 646 1021 Nubico¹)
670 938 754 1004 Deus
777 934 977 1015 imploratur,
1007 935 1043 996 ut
1065 934 1222 996 mortuum
1246 929 1287 996 ed
1308 947 1342 995 se
1364 927 1494 1009 recipiat
1513 920 1802 1011 μισάαιιοδοτήσας,
1825 925 1960 1006 lapidem
1998 932 2176 992 autem
2209 948 2232 994 e

494 1055 687 1126 coemeteriis
710 1053 796 1120 urbis
818 1052 984 1117 Pisaurum
1007 1055 1254 1131 transportatum
1263 1047 1288 1132 ²)
1310 1049 1481 1131 posuerant
1503 1044 1620 1110 Romm
1642 1049 1789 1125 parentes

902 1167 1038 1254 Εὐνείκῳ
1060 1167 1162 1242 καλῶς
1183 1167 1348 1256 ῃξιωρένῳ
1372 1168 1425 1254 τὴν
1442 1165 1536 1254 χάριν
1559 1164 1612 1226 τοῦ
1635 1157 1712 1224 θεοῦ

494 1293 696 1372 Catonesque
718 1288 832 1372 inosti)
856 1287 1074 1372 Eutychianos
1097 1287 1223 1371 quidam

903 1407 1035 1482 πίστεως
1052 1407 1146 1498 χάριν
1166 1405 1283 1492 Ἀβρὰμ
1306 1405 1354 1470 καί
1371 1400 1450 1468 Ἰσιλκ
1471 1403 1505 1466 ἐν
1527 1401 1651 1476 κόλποις

903 1527 996 1592 τόιιαν
1019 1527 1132 1615 λαχών.

493 1648 614 1717 Deinde
637 1649 739 1714 Lucas
761 1647 813 1714 ille
835 1646 1096 1715 archimandrites
1118 1645 1238 1730 audit⁴)

905 1765 959 1840 τὰς
981 1765 1117 1850 ἀμοιβὰς
1138 1767 1204 1828 σῶν
1226 1763 1330 1829 κιόνων
1352 1761 1550 1846 δεδεγμένος,

494 1885 624 1954 candem
646 1885 771 1952 videtur
793 1885 1149 1953 exhiberesententiam
1170 1883 1332 1968 inscriptio
1354 1879 1747 1964 Constantinopolitanmi)

897 2003 1027 2094 χαίρετε
1049 2007 1077 2068 ol
1099 2004 1202 2078 καλῶς
1225 2001 1282 2068 θα·

904 2124 1008 2199 νόντες
1025 2171 1032 2188 .
1049 2173 1057 2188 .
1075 2173 1082 2188 .
1100 2173 1107 2191 .
1131 2123 1211 2198 ἄξιοι
1227 2172 1235 2188 .
1252 2171 1284 2188 ..
1308 2127 1363 2212 τῆς
1385 2120 1600 2195 ἀναπαύσεως.

495 2244 677 2325 Complures
707 2242 841 2327 donique
870 2243 955 2310 tituli
985 2246 1025 2310 ad
1048 2244 1154 2312 iacobi
1181 2244 1345 2328 epistolam
1373 2241 1584 2323 spectantesi)
1612 2245 1754 2307 mortuos
1768 2239 1938 2324 ,στέφανον
1973 2246 2046 2330 τῆς
2082 2244 2185 2332 ζωῆς

493 2368 654 2430 assecutos
675 2383 745 2432 csse
767 2365 937 2445 declarant,
961 2370 998 2430 nt
1018 2369 1254 2431 monumentum
1276 2363 1308 2428 in
1330 2361 1441 2428 Ithace
1462 2360 1565 2428 insula
1586 2360 1792 2443 reperturus)

902 2481 1020 2549 Σιειιτὲ
1040 2480 1162 2572 Ἰωσήφ,
1181 2484 1286 2570 χαῖρε.

494 2607 527 2669 et
547 2601 792 2687 Smyrnaenni‚⁸)
815 2622 877 2687 qno
900 2603 1066 2671 defunctus
1088 2603 1179 2684 quasi
1202 2619 1311 2669 cursor
1332 2600 1436 2685 pelms
1457 2605 1587 2685 accepte
1608 2601 1648 2668 de
1669 2601 1734 2668 rite
1755 2599 1871 2668 dicitnr
1892 2599 2086 2668 decedere:

902 2724 966 2786 Νῦν
989 2721 1104 2806 κόσμος
1125 2721 1212 2811 ἡδύς,
1238 2724 1345 2812 σχῆμά
1366 2745 1415 2786 σοι
1437 2720 1524 2786 eletos
1543 2721 1635 2806 μέγα.

904 2843 956 2905 νῦν
979 2837 1034 2906 οὖν
1054 2841 1168 2924 βάδιζε
1190 2844 1270 2929 πρὸς
1291 2839 1366 2907 ιλὲον
1390 2841 1605 2934 σιεφῃφόρος.

597 2959 713 3026 Mortui
736 2959 863 3040 scilicet,
886 2964 923 3027 nt
943 2961 1004 3028 iarn
1027 2965 1223 3028 transeamus
1243 2961 1283 3028 ad
1300 2979 1338 3029 ee
1352 2961 1546 3044 inquirenda,
1570 2977 1651 3042 quae
1666 2961 1705 3028 de
1720 2960 1806 3029 caelo
1822 2967 1855 3030 et
1869 2960 1910 3028 de
1924 2961 1999 3028 vita
2015 2965 2162 3028 aeterna
2190 2941 2200 2950 ’

493 3079 650 3148 senserint
671 3085 793 3148 veteres
816 3078 1000 3162 Christiani,
1030 3081 1198 3163 praecipue
1220 3081 1261 3146 ad
1283 3081 1382 3148 Deum
1405 3081 1454 3148 vel
1480 3081 1512 3146 in
1541 3079 1723 3162 angelorum
1751 3087 1808 3148 aut
1834 3085 2026 3148 sanctorum
2056 3080 2156 3148 sedes

494 3200 612 3282 recepti
638 3216 707 3266 esse
735 3203 896 3283 putantur.
941 3197 1125 3282 Complures
1151 3197 1373 3280 inscriptiones
1402 3217 1419 3265 e
1446 3199 1642 3266 coemeteriis
1670 3200 1758 3268 urbis
1785 3200 1918 3268 effossae
1946 3201 1990 3266 de
2021 3197 2087 3264 hac
2114 3215 2154 3261 re

494 3317 613 3400 aliquid
627 3318 788 3401 praebent,
810 3319 898 3387 velut
913 3335 943 3385 n.
960 3318 1060 3386 9580:
1087 3315 1259 3404 Δωροθέου
1276 3320 1329 3382 τοῦ
1351 3319 1551 3402 γλυκυτάτου.
1587 3318 1620 3382 ἐν
1644 3320 1752 3409 είρὴνῃ
1776 3321 1796 3410 ῃ
1819 3321 1902 3410 ψυχὴ
1926 3318 2040 3398 αὐτοῦ,
2061 3313 2149 3401 μετὰ

495 3435 620 3501 δικαίων
642 3439 662 3526 ἡ
685 3439 768 3526 ψυχὴ
791 3434 896 3502 αὐτοῦ.
941 3457 971 3504 n.
996 3439 1094 3507 9685:
1119 3433 1226 3504 Ἰουλία
1248 3435 1282 3500 ἐν
1304 3437 1412 3529 ελρῃνῃ
1432 3438 1514 3522 μετὰ
1536 3442 1598 3504 τῶν
1629 3438 1733 3523 ἁγίων.
1777 3459 1807 3506 n.
1830 3439 1930 3506 9686:
1954 3436 1989 3502 ‘0
2011 3435 2091 3510 θεὸς
2108 3479 2142 3496 ..

495 3554 539 3631 εἷς
561 3554 656 3620 τόπον
678 3542 773 3640 ἁγίων
796 3559 854 3621 σοῦ
878 3555 1053 3643 Νεκταρέυυ
1077 3559 1110 3622 τὸ
1134 3559 1287 3648 ψυχάριον
1310 3558 1476 3646 ἐνέγραφε.

594 3675 790 3757 Quemquam
812 3694 874 3743 non
896 3677 1040 3745 omnibns
1063 3677 1175 3760 titulis,
1197 3679 1312 3762 quibus
1331 3680 1474 3764 μάκαρες
1497 3679 1562 3746 sine
1584 3679 1663 3762 ἅγιοι
1686 3683 1912 3756 memorantur,
1935 3676 2059 3746 caelum
2082 3671 2136 3738 ‹le-

494 3793 647 3876 signatnr,
668 3793 764 3861 immo
786 3795 892 3878 potius
914 3813 1135 3879 nonnunquam
1158 3799 1377 3881 sepulcralem,
1399 3798 1431 3864 in
1453 3815 1516 3879 quo
1531 3797 1618 3882 ἅγιος
1633 3799 1759 3884 quidam
1774 3804 1827 3866 aul
1843 3803 1967 3886 μάρτυς
1981 3797 2133 3860 humatus

494 3917 552 3995 est,
574 3911 744 3996 significari
766 3914 858 3982 docet
877 3913 988 3980 titulus
1011 3933 1029 3980 e
1050 3914 1211 3984 Priscillae
1233 3916 1419 3984 coemeterio
1441 3915 1616 4001 effossus,⁹)
1639 3918 1727 3985 cuius
1750 3936 1875 3985 versum
1897 3918 2043 4001 primum:

899 4029 1031 4098 Ἐνιίάὸε
1052 4031 1207 4098 Παυλεῒνα
1229 4031 1324 4099 κὲῖται
1336 4029 1497 4122 Ιμακάρων
1520 4035 1563 4100 ἐνὶ
1579 4021 1681 4126 χώριρΙ

494 4171 556 4220 non
577 4153 650 4220 licet
671 4151 765 4218 aliter
787 4151 988 4235 interpretari
1011 4171 1048 4220 ac
1070 4153 1109 4220 de
1130 4154 1199 4237 ipso
1222 4154 1253 4220 in
1269 4171 1332 4236 quo
1344 4155 1486 4241 μάκαρες
1501 4157 1700 4236 requiescunt
1715 4159 1909 4224 coemeterio.
1940 4153 2129 4229 Plerumque

495 4288 569 4338 vero
591 4270 687 4355 ἁγίων
710 4269 802 4346 τόπος
834 4269 1051 4355 similibusque
1081 4271 1208 4340 vocibus
1238 4271 1358 4341 caelum
1387 4274 1508 4341 ostendi
1538 4275 1714 4340 testimonio
1744 4283 1819 4344 sunt
1845 4276 1974 4344 aliarum
2003 4283 2127 4354 quoquc

494 4390 655 4473 regionum
678 4389 780 4466 tituli,
808 4395 844 4457 ut
865 4389 928 4456 iarn
951 4409 1047 4474 supra
1073 4397 1347 4458 commemoratum
1370 4398 1418 4460 cst
1439 4393 1593 4460 hominem
1617 4393 1771 4477 quendam
1796 4393 1890 4463 (lenm
1913 4391 1954 4465 εἰς
1973 4385 2125 4473 μακάρων

489 4511 599 4598 χῶρον
622 4509 683 4576 dici
705 4506 864 4593 eloctum)
887 4515 982 4592 atque
1004 4509 1037 4575 in
1060 4512 1152 4578 titulo
1174 4511 1289 4579 Thebis
1312 4512 1446 4596 Aegypti
1476 4517 1602 4595 reperto
1610 4513 1647 4597 ¹¹)
1676 4514 1805 4596 legitur:
1834 4516 1851 4577 ὁ
1874 4511 1946 4586 θεὸς
1969 4501 2130 4586 ἀναπαύσῃ

495 4627 528 4691 ἐν
550 4631 676 4716 capacis
704 4626 813 4712 ἁγίων,
846 4628 970 4695 Nnbiae
997 4632 1103 4696 autem
1133 4629 1309 4712 complures
1339 4631 1487 4698 exhibent
1508 4632 1604 4700 rerba
1627 4633 1644 4696 o
1667 4631 1743 4708 θεὸς
1765 4633 1929 4722 ἀναπαύσῃ
1952 4631 2005 4717 τὴν
2026 4621 2122 4712 φυγὴν

495 4745 592 4835 αὐτῆς
619 4747 652 4810 ἐν
675 4749 801 4836 σκηναῖς
829 4745 970 4832 άγίωνῑί)
993 4747 1042 4816 vel
1065 4750 1082 4811 ὁ
1104 4746 1180 4823 θεὸς
1202 4747 1381 4813 ἀνάπαυσον
1404 4752 1458 4838 τὴν
1480 4753 1580 4840 φυγὴν
1603 4751 1698 4816 αὐτοῦ
1714 4753 1794 4838 μετὰ
1822 4756 1887 4817 τῶν
1907 4749 1998 4833 ἁγίων
2019 4736 2116 4818 noun)

598 4954 621 5021 ι)
638 4967 664 5006 ιι.
676 4955 752 5008 orna.
855 4951 878 5021 q
896 4965 922 5006 ιι.
934 4954 1009 5010 esre.
1113 4953 1138 5020 q
1157 4967 1183 5007 ιι.
1195 4955 1271 5008 aena.
1372 4954 1395 5022 ι)
1414 4968 1439 5006 ιι.
1452 4956 1526 5009 νοω
1630 4956 1653 5023 ι)
1671 4971 1696 5008 ιι.
1708 4957 1784 5013 aar.
1895 4955 1919 5022 q
1937 4947 2023 5006 neon
2037 4947 2056 5009 1,
2072 4937 2103 4990 ν

495 5039 653 5108 onoma.
783 5037 938 5108 quaese.
1069 5035 1093 5106 ν)
1111 5039 1225 5095 uotae.
1356 5037 1523 5106 1⁰)n.9291.
1657 5040 1821 5108 ulnam.
1954 5017 2097 5105 opsoni

452 5147 458 5160 ·
495 5125 532 5194 ¹⁸)
551 5139 578 5180 n.
590 5126 666 5182 9122.

2362 260 2373 428 l

2365 615 2374 715 l

2365 800 2374 929 l
