4748 6524
997 737 1039 802 35

133 943 459 1026 transportatus
483 959 575 1025 quem
599 939 810 1007 Kirchhofiius
832 941 863 1006 in
886 941 1011 1008 saeculo
1034 962 1064 1024 p.
1087 939 1161 1007 Chr.
1185 942 1279 1008 tertio
1303 942 1466 1008 ueletiam
1491 942 1627 1008 meando
1650 943 1747 1026 ponit,
1770 962 1839 1010 cum

136 1061 393 1150 Καλάκαιρος
414 1062 543 1144 quidam
566 1060 682 1127 dicitur
702 1060 890 1144 parentibus
918 1062 1110 1128 exstruxisse
1139 1060 1336 1148 κοιμητήριον
1366 1059 1427 1135 έως
1457 1059 1679 1138 ἀναστάσεως,
1709 1072 1842 1146 apparet

137 1202 238 1250 eam
282 1199 393 1264 quam
423 1200 530 1248 omnes
557 1181 623 1248 fere
650 1180 733 1246 illius
761 1180 876 1246 aetatis
898 1179 1069 1262 scriptores
1096 1177 1299 1248 ecclesiastici
1326 1183 1455 1246 tuentur
1481 1181 1669 1248 sententiam
1697 1180 1841 1264 proferri,

143 1301 239 1368 iore
269 1306 320 1366 ut
345 1302 429 1368 idem
453 1291 576 1383 corpus,
599 1299 681 1383 quod
704 1298 737 1364 in
760 1304 846 1364 terra
868 1298 1031 1365 humatum
1054 1300 1104 1378 sit,
1128 1300 1167 1366 de
1190 1298 1332 1382 sepulcro
1348 1298 1502 1381 insurgat.
1535 1299 1704 1367 Praeterea
1719 1301 1840 1368 duobus

145 1421 410 1488 monumentis
426 1419 614 1487 resurrectio
630 1423 900 1498 commemoratur,
924 1417 1023 1486 altero
1041 1419 1178 1484 Viennae
1194 1417 1399 1500 Allobrogum
1416 1425 1549 1501 reperto,
1560 1416 1586 1501 ²)
1609 1419 1742 1485 bominis
1759 1419 1840 1503 Syri,

152 1541 228 1624 qui
257 1547 420 1608 mortuus
444 1545 494 1606 est
515 1541 587 1605 anni
608 1557 638 1620 p.
663 1537 735 1604 Chr.
751 1539 812 1602 441
837 1538 951 1604 mensis
966 1535 1077 1603 Peritii
1100 1537 1152 1604 die
1174 1545 1271 1618 sexto,
1301 1538 1444 1604 conditus
1467 1537 1519 1604 die
1541 1539 1674 1620 septimo
1696 1539 1745 1602 xci
1768 1539 1841 1602 ἀνα-

157 1662 348 1746 στήσεται
371 1658 405 1723 ἐν
428 1665 469 1746 τῇ
491 1656 596 1746 ᾑμέρᾳ
610 1658 743 1743 Χριστοῦ
767 1655 949 1746 ἐρχομένου,
972 1657 1071 1724 altero
1088 1657 1201 1724 Taliter
1223 1656 1402 1742 episcopi³),
1425 1658 1514 1724 cuius
1538 1658 1673 1724 verbu..
1698 1660 1745 1722 aui
1768 1659 1841 1722 ἀνά-

161 1801 312 1859 στασιν,
340 1777 487 1860 quoniam
510 1796 591 1861 qnae
613 1777 805 1861 praecedunt
827 1773 957 1859 Coptica
978 1775 1086 1858 lingua
1107 1779 1279 1862 composita
1301 1779 1449 1846 videntur
1470 1796 1556 1858 esse,
1578 1795 1641 1859 qno
1662 1778 1841 1862 pertineant

167 1918 247 1966 nou
273 1897 392 1982 liquet

296 2017 422 2084 Contra
443 2017 483 2083 de
504 2035 626 2082 summo
642 2014 701 2081 Dei
723 2013 839 2081 iudicio
862 2015 1068 2081 recentissimi
1091 2015 1288 2097 potissimum
1311 2016 1396 2084 tituli
1412 2023 1520 2100 agunt,
1544 2022 1580 2082 ot
1593 2015 1770 2084 Messanius
1785 2016 1839 2083 ille

173 2141 298 2206 nescio
331 2139 420 2220 quis,
451 2137 504 2218 qui
532 2133 764 2218 annosum.
790 2135 871 2200 1199
900 2134 939 2200 de
966 2135 1032 2200 vita
1053 2133 1217 2218 migravit,
1246 2137 1416 2219 respiciens
1437 2137 1523 2204 illam
1547 2155 1642 2220 quam
1666 2137 1705 2203 de
1727 2136 1839 2203 ovibus

174 2261 356 2341 hircisque
374 2255 518 2322 Christus
541 2255 641 2321 edidit
661 2255 853 2337 parabolam,
876 2253 1061 2336 superstites
1083 2259 1119 2318 ut
1141 2272 1198 2335 pro
1221 2271 1256 2318 se
1277 2272 1386 2334 preces
1408 2253 1526 2321 iaciant
1547 2255 1699 2336 obsecrat,
1722 2254 1837 2350 quibus

179 2379 350 2445 liberetur
372 2381 571 2459 peccatorum
593 2374 745 2458 poena:⁴)

608 2494 646 2558 σὺ
670 2492 703 2556 δ’
725 2493 810 2567 ὅστις
832 2489 864 2555 ai
883 2492 931 2556 καὶ
954 2490 1043 2556 advos
1066 2492 1120 2556 τὸν
1142 2492 1243 2578 τάφον
1263 2489 1401 2574 βλέπεις,

609 2614 643 2676 τὸ
666 2615 719 2676 τοῦ
740 2611 814 2696 βίου
834 2613 968 2696 μάταιον
990 2609 1069 2676 ἔνθα
1088 2607 1261 2695 μανθάνων

608 2735 661 2795 τοῦ
684 2729 859 2805 τεθνεῶτος
882 2729 1056 2820 ὑπερεάχοο
1080 2729 1281 2818 προφρόνως,

606 2851 693 2926 ὅπως
714 2847 800 2914 λύσιν
823 2847 946 2935 εὕροιτο
971 2853 1033 2914 τῶν
1055 2848 1267 2934 ἐπταισμένων

608 2973 656 3036 καὶ
678 2971 822 3043 στάσεως
844 2967 963 3057 τύχοιτο
986 2973 1043 3056 τῆς
1062 2967 1225 3055 θεξιτέρας

607 3089 640 3153 ἐν
663 3097 702 3178 τῇ
724 3087 827 3175 δικαίᾳ
849 3089 903 3152 τοῦ
926 3085 1003 3151 θεοῦ
1027 3089 1145 3176 φρικτῇ
1167 3085 1274 3173 κρίσει.

201 3209 317 3274 Eodem
340 3210 432 3275 modo
454 3209 689 3275 Theosterictus
712 3212 870 3290 precatur,
892 3211 929 3271 ut
950 3207 1136 3287 superstites
1159 3207 1254 3273 edant

608 3324 700 3414 εὐχὰς
713 3371 743 3390 ..
768 3323 943 3409 ξύμπαντες
964 3324 1136 3414 λκετηρίοος

607 3441 657 3530 τῷ
679 3445 732 3532 τὴν
756 3444 848 3530 φύσιν
867 3442 1009 3528 μέλλοντι
1032 3447 1093 3509 τῶν
1114 3444 1244 3531 βροτῶν
1266 3446 1374 3532 κρῖναι,

607 3563 649 3628 ἵν’
671 3564 761 3628 ἵλεων
784 3561 906 3650 εὕροιμι
929 3565 977 3626 καὶ
999 3564 1060 3650 πρὸ
1083 3567 1138 3653 τῆς
1159 3563 1245 3653 δίκης

606 3688 654 3750 καὶ
673 3687 826 3771 βασάνων
849 3681 975 3768 φύγοιμι
997 3684 1051 3773 τὴν
1074 3683 1280 3774 καταδίκρνά)

212 3803 292 3881 Quae
312 3804 405 3868 verba
426 3805 558 3871 maxime
580 3805 718 3872 notanda
740 3810 816 3872 sunt
836 3811 1004 3889 propterea
1025 3808 1098 3888 quia
1120 3807 1213 3872 etiam
1241 3807 1321 3889 ignis
1350 3809 1552 3890 purgatorius
1580 3809 1625 3876 eis
1652 3827 1833 3876 commemo-

214 3927 303 3988 ratur.
331 3923 409 3990 Cum
431 3924 513 3990 enim
536 3934 678 3993 mortuus
701 3929 886 4010 deprecetur
907 3925 1042 4006 primum
1063 3935 1099 3991 ut
1113 3925 1267 4008 propitius
1282 3925 1344 3992 sibi
1359 3927 1402 3992 sit
1415 3927 1507 3994 iudex
1523 3945 1698 4011 supremus,
1721 3927 1834 3993 dunde

216 4046 250 4105 ut
268 4040 388 4124 effugiat
411 4045 471 4128 πρὸ
494 4048 548 4133 τῆς
570 4044 654 4134 δίνης
677 4047 725 4110 καὶ
745 4047 897 4128 βασάνων
921 4049 974 4136 τὴν
997 4046 1160 4135 καταδίκων
1182 4047 1241 4112 boc
1264 4051 1313 4114 est
1335 4047 1492 4114 cruciatus
1513 4064 1653 4130 qnoque,
1682 4047 1833 4129 quiante

218 4160 351 4226 iudicium
374 4163 525 4242 accidant,
548 4162 597 4228 his
618 4165 723 4232 verbis
745 4166 847 4248 ignem
870 4183 963 4248 quem
985 4166 1048 4232 dixi
1070 4165 1278 4248 significatum
1300 4184 1369 4232 esse
1391 4172 1534 4250 apparet.

308 4279 457 4362 Georgius
469 4281 611 4363 denique,
635 4284 723 4350 onius
744 4285 870 4367 saepius
892 4286 1009 4351 mentio
1032 4290 1082 4351 est
1102 4284 1195 4366 iacta,
1216 4285 1249 4350 in
1271 4284 1381 4367 elogio,
1404 4286 1487 4368 quod
1510 4287 1577 4368 ipse
1591 4286 1650 4352 sibi
1664 4285 1788 4367 scripsit
1802 4286 1834 4350 in
1862 4329 1872 4346 ,

222 4393 274 4462 fine
292 4397 401 4464 saeculi
424 4401 605 4482 duodecimi,
628 4409 832 4483 posteaquam
855 4403 1032 4468 obtestatus
1054 4411 1102 4468 est
1124 4403 1309 4484 superstites
1332 4409 1364 4468 et
1379 4421 1434 4484 per
1449 4402 1601 4485 triplicem
1617 4402 1674 4467 Dei
1690 4399 1836 4468 naturam

224 4519 252 4579 et
269 4533 316 4595 per
336 4517 476 4583 Iasonem
498 4524 594 4602 atque
617 4520 822 4602 sosipatrum,
835 4540 924 4603 ,quos
946 4521 1156 4589 Kirchboifius
1178 4523 1308 4588 adnotat
1330 4521 1484 4604 Corcyrae
1508 4521 1629 4587 insulae
1658 4521 1755 4586 inisse
1783 4522 1833 4607 κή-

224 4653 306 4716 ρυκας
323 4635 341 4698 i.
356 4655 383 4701 e.
406 4635 624 4720 evangelistas,
648 4643 684 4702 ut
705 4655 776 4704 ossa
799 4657 856 4704 sua
877 4639 1026 4705 inviolata
1045 4648 1217 4722 manerent,
1240 4641 1446 4707 comminatur
1463 4640 1521 4706 Dei
1536 4643 1613 4705 iram
1629 4641 1680 4706 die
1695 4643 1833 4704 extremo

229 4751 429 4838 aramuramzii

609 4861 690 4944 μετὰ
712 4863 855 4950 τελευτὴν
877 4863 926 4924 καὶ
948 4867 1001 4950 τὴν
1024 4860 1057 4924 έν
1080 4863 1173 4948 τάφῳ
1196 4860 1346 4927 θέσιν...

235 5057 411 5089 -.-..-*
610 4979 691 5053 κόνις
713 4978 839 5065 ἀμυδρὰ
861 4983 923 5042 τῶν
945 4985 1096 5044 ταπεινῶν
1119 4981 1237 5045 ὀστέων

312 5141 460 5209 bubata
579 5145 602 5214 ²)
620 5149 735 5202 nesea
855 5147 879 5214 ⁸)
895 5161 922 5200 n.
933 5150 1009 5203 9121.
1121 5149 1281 5217 ⁴)n9540.
1395 5149 1419 5218 ὅ)
1436 5165 1465 5205 ιι.
1482 5153 1558 5206 9544.
1645 5150 1737 5268 ’ἣν
1756 5155 1832 5207 9438.

1627 5239 1645 5290 θ
