4748 6524
1052 739 1071 806 5

243 950 389 1034 quoniam
412 947 618 1014 nihil'ratere
646 951 779 1027 possunt
807 948 867 1012 nisi
901 949 1053 1014 »salutem
1082 944 1404 1029 euphratesia,
1433 947 1488 1030 qui
1518 947 1551 1012 in
1581 947 1646 1011 uita
1674 947 1775 1013 adhuc
1800 951 1884 1022 sunt,

243 1069 321 1135 mire
344 1067 429 1133 diota
443 1065 592 1130 videntur
607 1083 685 1142 esse,
709 1065 868 1148 multoque
884 1067 989 1148 aptior
1010 1067 1145 1132 efficitur
1160 1065 1317 1132 sententia
1331 1066 1376 1130 eis
1392 1085 1473 1149 quiae
1488 1064 1673 1134 Muenterus
1689 1067 1766 1149 tegit
1780 1066 1884 1132 uerbis

237 1193 334 1277 χαῖρε
349 1187 383 1250 ἐν
399 1186 462 1259 τοῖς
477 1183 552 1264 ἄνω,
569 1201 650 1266 qnae
665 1182 844 1252 Christiano
860 1187 983 1253 homine
999 1187 1180 1270 dignissima
1196 1202 1265 1252 esse
1279 1183 1349 1266 ipse
1361 1183 1573 1251 Kimhhohius
1589 1183 1733 1250 affirmat.
1762 1173 1885 1250 hittera

245 1307 283 1371 M.
312 1311 416 1373 autem
446 1305 551 1372 versui
578 1305 678 1387 primo
708 1305 950 1387 superimposita
978 1305 1120 1388 quamvis
1148 1321 1316 1387 agnoscam
1345 1323 1405 1368 non
1431 1305 1582 1388 μνημεῖον
1610 1303 1666 1369 sed
1700 1301 1881 1368 ›Manibus‹

243 1425 366 1492 ostendi
396 1425 473 1492 nihil
501 1424 664 1506 probatur.
708 1420 841 1506 Saepius
869 1425 949 1488 eninr
978 1425 1008 1489 in
1032 1425 1241 1490 monumentis
1264 1421 1450 1486 Christianis
1479 1421 1601 1487 litteras
1625 1423 1663 1492 D.
1685 1423 1730 1492 Μ.
1753 1421 1885 1486 inveniri

243 1549 377 1618 eoustm,
400 1561 462 1608 non
485 1541 570 1624 quod
591 1541 733 1608 homines
749 1541 929 1622 Christiani,
952 1542 985 1607 id
1008 1544 1091 1626 quod
1107 1543 1374 1625 Bellermannus1)
1396 1542 1473 1618 vult,
1495 1543 1631 1625 cogitato
1652 1561 1770 1609 morem
1792 1561 1885 1624 paga·

246 1681 320 1730 num
342 1662 546 1741 retinuerint,
574 1662 630 1728 sed
652 1661 827 1728 rectissime
850 1661 1039 1746 Krausius²)
1062 1665 1240 1746 suspicatur
1267 1664 1403 1746 lapides,
1431 1663 1544 1746 quibua
1572 1663 1644 1728 illae
1671 1661 1795 1727 litterae
1821 1663 1883 1726 iarn

244 1789 338 1848 autea
359 1781 536 1862 insculptae
557 1780 685 1860 tuerint,
707 1787 826 1847 temera
848 1787 970 1864 emptos
993 1799 1062 1848 esse
1084 1801 1103 1846 a
1125 1783 1323 1864 Christianis,
1347 1783 1401 1863 qui
1423 1783 1548 1865 quidem
1571 1781 1647 1862 quid
1670 1781 1716 1846 eis
1730 1779 1883 1863 signitica-

244 1905 341 1974 retur,
364 1900 489 1966 omnino
510 1919 573 1965 non
596 1899 841 1966 considerarent.
876 1901 964 1979 Quae
986 1919 1056 1966 cum
1078 1901 1126 1966 ita
1147 1903 1220 1980 siut,
1243 1901 1330 1967 illum
1346 1901 1473 1968 titulum
1489 1921 1551 1967 non
1566 1919 1658 1984 posse
1673 1898 1883 1967 Christianum

243 2035 311 2086 esse
333 2019 417 2086 haud
436 2019 652 2087 conoesserim.
687 2019 750 2084 Sed
772 2024 845 2085 utut
866 2035 916 2084 res
939 2037 1008 2086 sese
1030 2020 1135 2100 habet,
1158 2019 1217 2086 boo
1239 2039 1302 2086 uno
1324 2020 1470 2086 nimirum
1493 2019 1586 2086 titulo
1601 2039 1662 2086 non
1678 2005 1883 2102 imarohatur,

243 2140 327 2222 quod
349 2139 495 2218 diximus,
518 2138 579 2203 nisi
601 2139 827 2221 antiquissimis
850 2139 1044 2219 temporibus
1067 2137 1262 2206 Christianos
1284 2141 1410 2206 nomina
1432 2140 1494 2205 tria
1515 2157 1577 2205 non
1601 2139 1750 2206 tenuisse.

346 2255 484 2320 Nomina
504 2255 574 2336 ipsa
595 2257 760 2322 maximam
783 2257 823 2322 ad
844 2261 967 2338 nartem
990 2277 1009 2321 a
1031 2257 1162 2324 Graecis
1184 2263 1241 2323 aut
1262 2276 1283 2321 a
1303 2259 1449 2324 Romans
1477 2263 1716 2340 receptarunt,
1742 2257 1826 2345 quod
1849 2262 1885 2323 ut

244 2377 389 2460 tugerent
409 2374 580 2440 Christiani
602 2381 725 2441 tautum
746 2377 847 2444 abfuit
869 2383 905 2444 ut
927 2377 976 2443 vel
999 2396 1050 2458 ea,
1072 2395 1154 2459 quae
1176 2396 1195 2444 a
1218 2378 1346 2444 deorum
1370 2375 1546 2441 nominibus
1568 2376 1710 2441 derivata
1731 2381 1820 2455 sunt,
1850 2379 1886 2440 ut

245 2494 465 2580 Ἀρτεμιδώρῳ
487 2493 654 2581 Δημητρία,
678 2494 826 2569 Διόδοτος
848 2501 881 2562 et
902 2495 1057 2584 Διογένης,
1076 2493 1281 2582 Ἀφροδίοιος,
1304 2495 1367 2562 alia
1388 2493 1600 2561 admitterent.
1645 2493 1748 2560 Multa
1771 2503 1885 2574 tamn,

244 2631 326 2697 quae
347 2613 433 2695 apud
453 2612 592 2679 Graecos
613 2615 675 2678 iam
698 2626 791 2681 antea
812 2616 932 2682 usitata
957 2614 1096 2696 fuerant,
1125 2615 1187 2684 tide
1209 2615 1388 2682 Christiana
1414 2631 1527 2679 nouam
1557 2619 1593 2679 ut
1622 2614 1666 2679 ita
1694 2613 1794 2678 dicam
1822 2613 1883 2678 uim

245 2737 433 2814 acceperunt
454 2731 540 2800 velut
558 2727 671 2807 Ἐλπίς,
699 2732 856 2813 Ἔλπίζιον,
886 2735 1025 2810 Neudros,
1052 2733 1240 2822 Σωζομένη,
1271 2734 1403 2821 Εἰρήνη,
1431 2733 1560 2820 ssaden,
1589 2731 1692 2806 Πίοτις
1718 2732 1884 2814 omnaque

244 2869 315 2917 eum
337 2849 411 2924 θεός
433 2850 584 2918 vobabulo
606 2853 794 2933 composita,
821 2871 901 2934 quae
924 2854 1023 2918 muita
1045 2853 1131 2920 tituli
1152 2853 1321 2934 praebent:
1350 2852 1517 2937 Θεόδωρος
1539 2857 1572 2916 ot
1596 2851 1781 2937 Δωρόθεος,
1812 2851 1885 2914 Θεο-

246 2971 361 3050 δόσιος,
385 2970 621 3058 θεοστὴρικτος,
646 2971 851 3058 θεόμοηοτος,
876 2971 1075 3061 θεοκτίοιης,
1100 2972 1266 3058 θεόφιλος,
1294 2973 1473 3059 θεοφάνης,
1505 2971 1678 3046 θεόδοολος
1698 2972 1770 3038 aliea
1814 2969 1883 3038 Nec

245 3091 359 3157 desunt
386 3087 638 3156 Christianorum
665 3092 803 3173 propria.
853 3091 992 3157 Primum
1025 3093 1106 3157 anim
1140 3111 1202 3158 non
1236 3110 1336 3174 pauca
1363 3112 1380 3159 e
1408 3093 1523 3158 titteris
1556 3091 1674 3159 sanetis
1700 3091 1884 3175 deprompta

245 3213 327 3274 suut.
368 3209 528 3275 Habemus
550 3209 799 3292 patriarcharum
823 3212 950 3275 nomina
971 3210 1110 3296 Ἀβραάμ
1133 3213 1200 3277 sive
1219 3211 1415 3298 Ἀβροάμιος
1438 3212 1599 3292 'laudans
1622 3211 1748 3294 Ἰακώβ,
1771 3211 1883 3279 deinde

245 3327 372 3413 Ἰωσήφ,
395 3326 574 3412 Σομεόνιος,
595 3327 755 3416 Σομοοὴλ,
780 3329 886 3404 Ἠλίας,
909 3329 1060 3416 Ἠρεμίοις,
1085 3330 1264 3419 Σοοοοίννης
1287 3353 1305 3399 e
1326 3351 1417 3414 novo,
1439 3334 1524 3417 quod
1546 3333 1669 3408 dicitur,
1692 3337 1883 3398 testamento

243 3452 370 3528 sumpta
383 3452 458 3512 suut
479 3447 608 3513 uomina
620 3445 750 3531 Πέτρος,
773 3446 905 3524 Παῦλος,
928 3449 1084 3540 Ἰωάννης,
1106 3471 1188 3536 quae
1210 3455 1391 3538 saepissima
1412 3455 1621 3536 reperiuntur,
1645 3459 1713 3517 tum
1729 3451 1882 3537 Ἀνδρέας,

247 3563 403 3640 Φίλιππος,
426 3564 539 3647 θωμᾶς
554 3570 587 3630 et
600 3564 742 3648 Δίδυμος,
764 3567 895 3648 Λουκᾶς,
920 3569 1032 3655 Μαρία,
1055 3569 1228 3656 Στέφανος,
1250 3573 1422 3658 ’Ortospana
1444 3572 1569 3655 saepius
1585 3569 1697 3638 deinde
1712 3575 1882 3638 necarant

248 3681 388 3769 Γαβριήλ
411 3687 444 3746 et
467 3681 584 3770 Μιχοήλ
606 3684 874 3767 archangelorum,
902 3689 955 3769 qui
978 3696 1139 3766 vocantur,
1168 3691 1304 3756 nomina.
1348 3692 1479 3756 Inventa
1501 3691 1633 3773 denique
1655 3707 1676 3756 a
1696 3687 1883 3756 Christianis

247 3807 322 3868 suut
343 3799 523 3876 Ἂνατόλιος,
549 3800 758 3880 unaarum,
793 3803 987 3888 Ἂθανάσιος,
1024 3808 1214 3895 Mopsopios,
1250 3812 1418 3897 Νοζοίριος,
1452 3810 1669 3896 Πολύκαρπος,
1705 3810 1881 3889 Θεόπεστος,

247 3921 422 4003 Latinoque
448 3917 605 3996 Ῥεκέπτος
637 3928 670 3989 et
696 3919 886 4012 Ῥεὸῆμπτο,
924 3944 961 3993 ae
994 3947 1033 3994 ne
1063 3928 1249 4015 Βονιφάτιος
1281 3931 1407 4013 quidem
1440 3932 1563 3997 nomiae
1591 3931 1706 4013 pagani
1735 3929 1882 3994 uidentur

248 4057 298 4108 asu
321 4057 400 4105 esse.

349 4157 469 4224 Nomen
485 4177 559 4226 vero
574 4159 672 4226 solum
691 4181 819 4244 perraro
834 4165 1007 4245 reperitur;
1030 4167 1214 4249 saepissime
1229 4169 1344 4250 tegitur
1366 4170 1398 4234 in
1420 4168 1614 4236 coemeteriis
1630 4169 1727 4247 urbia,
1750 4185 1883 4250 quorum

249 4275 334 4341 tituli
356 4283 389 4342 et
408 4285 536 4360 propter
558 4281 719 4362 angustias
742 4279 879 4348 locorum
903 4290 935 4348 et
964 4304 1021 4368 pro
1049 4288 1274 4354 consuetudine
1302 4289 1416 4356 aetatis
1445 4289 1621 4355 remotioris
1643 4288 1756 4354 ceteris
1784 4287 1882 4354 mutto

248 4395 406 4464 breviores
420 4403 509 4482 sunt3
533 4399 587 4464 sed
604 4401 630 4464 si
650 4401 752 4466 minus
773 4405 878 4480 verba,
901 4411 1004 4470 tamen
1025 4407 1115 4488 signa
1137 4410 1302 4489 quaedam,
1324 4417 1362 4474 ut
1382 4425 1536 4488 ancoram,
1559 4406 1743 4486 columbam,
1763 4407 1880 4487 piscem

248 4513 364 4580 addere
386 4514 539 4614 solebant,
562 4517 675 4599 quibus
697 4517 910 4587 Christianum
931 4523 1087 4591 hominem
1109 4527 1161 4592 ilio
1183 4527 1251 4594 loeo
1273 4518 1435 4595 humatum
1457 4544 1526 4592 esse
1547 4525 1767 4608 significarent.

348 4789 372 4854 1>
389 4785 556 4842 Behormann
574 4787 663 4843 Ueher
680 4788 723 4843 die
741 4789 854 4846 altesten
872 4793 1042 4852 christlichen
1059 4797 1329 4868 Begrabniasstatten.
1366 4770 1511 4868 Hamburg'
1525 4802 1590 4854 1839
1607 4813 1633 4866 p.
1646 4800 1688 4852 46.

250 4867 275 4934 ²)
293 4869 324 4922 L.
337 4871 353 4924 1.
372 4887 398 4940 p.
411 4876 458 4928 63:
483 4873 556 4940 »(Bis
574 4890 635 4927 aum
652 4871 729 4928 Euda
748 4874 795 4929 des
818 4875 917 4932 dritten
935 4881 1143 4951 Jahrhunderts)
1166 4885 1292 4940 seheineu
1315 4886 1387 4940 diese
1400 4927 1425 4940 ..
1441 4925 1465 4939 ..
1486 4884 1655 4939 buohstaben
1678 4882 1717 4936 als
1741 4882 1880 4938 ommute-

249 4952 384 5010 ristisehea
401 4959 531 5012 Merhmal
553 4959 633 5027 jeder
653 4959 820 5015 Crabsehritt
842 4963 967 5033 gegeben
985 4967 1039 5021 und
1057 4983 1205 5037 sozusagen
1223 4970 1404 5038 gedankeuioa
1421 4971 1490 5025 ohne
1508 4969 1572 5025 dass
1587 4983 1649 5022 man
1667 4967 1762 5037 irgend
1779 4969 1827 5024 uie
1845 4983 1880 5022 an

249 5038 326 5093 ihren
344 5041 522 5110 aigentliehen
540 5046 604 5099 Sinn
622 5044 727 5110 daehte,
745 5047 893 5115 gebraucbt
910 5052 1016 5108 worden
1033 5071 1068 5108 zu
1086 5056 1157 5125 sein,
1175 5072 1205 5111 so
1222 5056 1311 5111 finden
1329 5055 1367 5110 sie
1385 5057 1441 5112 sich
1459 5055 1556 5111 siunai
1577 5051 1700 5108 friediioh
1720 5052 1807 5108 naban
1819 5053 1879 5108 dem

249 5123 435 5196 Monogramm
453 5131 564 5185 Christi:
585 5138 623 5199 D,
643 5139 687 5199 Μ,
703 5137 736 5246 ,Ρ
760 5140 811 5201 3,ι
