4748 6524
1062 681 1099 744 11

254 893 390 954 tuorum
413 883 563 965 temporis
585 883 716 950 extremi
738 883 897 950 indicandi
918 902 1045 960 morem,
1068 884 1245 967 antiquiore
1267 887 1372 950 aetate
1394 902 1455 950 non
1477 885 1523 949 ita
1544 883 1755 965 frequentem,
1785 903 1899 952 recen-

260 1007 391 1074 tissimis
425 1005 549 1072 demum
577 1003 672 1070 medii
699 1004 768 1070 aevi
795 1004 929 1072 saeculis
958 1005 1189 1072 increbrescere
1215 1003 1363 1085 coepisse.
1415 1001 1503 1069 Idem
1530 1018 1598 1069 mos
1624 1001 1655 1068 in
1683 1002 1834 1086 Graecia,
1859 1004 1892 1069 in

261 1129 414 1210 Aegypto,
436 1123 470 1190 in
491 1123 596 1190 Nubia
617 1143 679 1190 non
701 1140 802 1204 rarus,
825 1124 858 1190 in
880 1122 974 1191 Italia
995 1125 1089 1191 tritus
1111 1129 1143 1192 et
1165 1123 1302 1190 usitatus
1325 1127 1382 1190 est

364 1245 409 1310 Ac
431 1243 597 1326 praecipue
619 1242 746 1326 quidem
768 1261 933 1325 supremus
955 1243 1039 1310 vitae
1062 1244 1138 1324 dies,
1161 1243 1249 1310 onius
1271 1242 1386 1326 pagani
1408 1246 1517 1325 utpote
1540 1242 1672 1309 maxime
1694 1241 1755 1309 atri
1770 1243 1900 1309 mentio-

261 1382 330 1432 nem
353 1361 456 1430 facere
478 1362 674 1442 omittebant,
696 1381 717 1428 a
738 1357 924 1430 Christianis
947 1363 1037 1446 quasi
1059 1363 1161 1430 laetus
1184 1361 1249 1428 dies
1271 1361 1385 1428 litteris
1407 1361 1549 1428 mandari
1570 1360 1700 1428 solebat
1733 1361 1802 1428 Hoc
1817 1363 1899 1428 enim

260 1485 311 1550 die
333 1485 393 1564 piis
414 1482 591 1549 hominibus
614 1484 697 1549 ritae
719 1481 863 1550 caelestis
886 1482 1006 1550 aditum
1029 1482 1144 1566 aperiri
1164 1484 1327 1566 putebant,
1348 1481 1537 1564 fueruntque
1552 1479 1606 1563 qui
1621 1481 1704 1546 hunc
1719 1486 1898 1548 sanctorum

260 1621 369 1668 uerum
391 1602 473 1668 diem
495 1602 631 1668 natalem
653 1621 722 1669 esse
745 1608 916 1684 censerent,
943 1621 1024 1668 »non
1046 1601 1132 1668 illum
1153 1603 1287 1685 quidem,
1310 1607 1347 1668 ut
1360 1600 1446 1667 Petri
1462 1597 1675 1684 Chrysalogi1)
1698 1603 1772 1664 utar
1786 1599 1898 1676 verbis,

260 1738 322 1802 quo
344 1725 548 1788 nascerentur
573 1722 606 1786 in
628 1725 713 1788 terra
735 1721 774 1787 de
797 1739 904 1803 carne,
931 1722 987 1788 sed
1010 1723 1048 1787 de
1071 1727 1156 1788 terra
1182 1722 1214 1786 in
1243 1720 1379 1800 caelum,
1407 1719 1446 1785 de
1474 1719 1581 1786 labore
1609 1719 1650 1784 ad
1677 1717 1830 1800 requiem,
1859 1719 1899 1784 de

260 1841 486 1908 tentationibus
507 1843 548 1908 ad
570 1843 715 1924 quietem,
739 1841 778 1908 de
801 1841 992 1908 cruciatibus
1015 1841 1055 1908 ad
1078 1841 1213 1923 delicias,
1236 1860 1297 1907 non
1320 1837 1435 1919 fluxas,
1464 1838 1519 1904 sed
1541 1837 1638 1904 torres
1661 1843 1693 1904 et
1715 1836 1843 1904 stabiles
1866 1841 1898 1903 et

260 1965 414 2041 aeternas,
437 1961 476 2028 de
497 1961 662 2028 mundanis
684 1961 798 2027 risibus
820 1961 862 2026 ad
884 1979 1029 2026 coronam
1053 1965 1085 2026 et
1106 1960 1266 2041 gloriam«
1311 1957 1492 2025 Sexcenties
1514 1956 1613 2040 igitur
1635 1973 1697 2038 quo
1719 1953 1834 2038 aliquis
1856 1953 1899 2022 sit

260 2085 403 2146 mortuus
425 2080 475 2146 die
497 2081 646 2161 scriptum
668 2080 800 2162 legimus
822 2079 945 2145 etiamsi
968 2079 1006 2145 de
1028 2079 1138 2145 mortis
1160 2095 1242 2146 anno
1263 2077 1341 2144 nihil
1363 2077 1513 2144 traditum
1534 2080 1591 2143 est
1626 2073 1724 2154 Quem
1741 2074 1824 2140 diem
1839 2091 1897 2140 suo

260 2216 415 2280 quemque
429 2197 578 2280 poputum
600 2197 692 2264 modo
715 2196 893 2264 definivisse
914 2202 1158 2264 consentaneum
1180 2201 1238 2262 est.
1283 2197 1428 2277 Aegyptii
1449 2195 1547 2276 igitur
1570 2200 1602 2260 et
1623 2193 1719 2262 Nubii
1741 2193 1896 2260 scribunt:

260 2329 429 2421 ἐτελειώθη
451 2333 469 2394 ὁ
491 2333 578 2396 δεῖνα
597 2334 670 2419 μηνὶ
697 2332 809 2420 Φαωφὶ
822 2320 920 2402 Ῑ9111
945 2332 1020 2400 dut
1034 2321 1069 2398 d
1084 2337 1142 2400 aut
1156 2328 1394 2417 ἐπιφωσκούσης
1416 2333 1471 2416 τῆς
1491 2325 1606 2415 ὀγδόης
1626 2329 1680 2390 τοῦ
1694 2326 1784 2414 hosp
1797 2328 1897 2414 μηνός

259 2451 381 2518 similia.
426 2451 566 2518 Eandem
589 2453 741 2521 rationem
764 2455 989 2536 posterioribus
1018 2452 1151 2520 saeculis
1178 2453 1209 2518 in
1233 2451 1311 2518 alias
1333 2465 1457 2529 quoque
1480 2445 1604 2512 Africae
1626 2450 1732 2528 partes
1753 2463 1897 2514 manasse

258 2569 373 2636 indicio
396 2573 471 2636 suut
493 2571 575 2640 tituli
590 2571 804 2657 Tripolitani⁹)
827 2575 937 2642 verba:
961 2572 1162 2662 ἐτελεύτησεν
1181 2574 1254 2661 μηνὶ
1268 2571 1365 2637 Hanni
1387 2572 1510 2661 ἑβδόμῃ
1534 2573 1610 2637 κατὰ
1633 2573 1704 2646 τοὺς
1717 2567 1894 2658 Ἀφρους.3)

259 2687 329 2770 Syri
351 2693 455 2756 autem
476 2691 592 2773 partim
614 2691 752 2773 ipsorum
774 2692 933 2759 mensibus
956 2697 1102 2773 utuntur,
1130 2692 1245 2775 partim
1269 2693 1493 2768 Romanorum
1526 2694 1583 2759 sed
1605 2711 1676 2759 cum
1698 2692 1894 2775 paucissimis

257 2929 394 3008 venerit,
422 2928 531 2994 erbis
559 2929 683 3012 quidem
713 2931 970 3014 inscriptionibus
997 2933 1162 3000 diiudicari
1188 2951 1251 3000 non
1278 2937 1391 3015 potest.
1436 2931 1608 3005 Ἀπελλαῖος
1637 2931 1752 2999 mensis
1781 2933 1894 2999 tertius

258 3043 409 3128 Syrorum
431 3053 690 3116 commemoratur
712 3051 744 3117 in
760 3051 861 3132 titulo,
885 3070 978 3134 quern
998 3053 1078 3118 sexti
1093 3051 1209 3120 saeculi
1224 3069 1293 3118 esse
1309 3049 1472 3134 constat,⁴)
1496 3052 1527 3117 in
1543 3050 1746 3134 inscriptione
1761 3051 1893 3134 septimo

256 3166 380 3233 saeculo
401 3168 517 3251 edita⁵)
540 3167 624 3235 idem
649 3169 766 3237 mensis
792 3169 983 3256 Δεκέμβριος
1007 3171 1202 3253 nominatur,
1225 3171 1257 3236 in
1284 3169 1376 3236 titulo
1402 3170 1538 3252 denique
1563 3188 1645 3237 anno
1670 3190 1701 3254 p.
1732 3169 1805 3236 Chr.
1829 3171 1891 3236 417

258 3285 461 3369 compositoi)
478 3284 627 3370 Syrorum
645 3289 912 3373 Macedonumque
927 3292 1077 3372 septimus
1092 3291 1207 3359 mensis
1223 3287 1373 3364 Ξανθικός
1387 3291 1572 3374 appellatur.
1606 3291 1645 3356 In
1660 3292 1771 3358 ceteris
1786 3295 1891 3358 autem

257 3401 352 3468 Asiae
373 3405 516 3486 partibus
538 3413 634 3490 atque
656 3413 724 3475 tots
746 3407 878 3477 Graecis
899 3409 1124 3478 recentioribus
1147 3415 1232 3476 certe
1254 3411 1448 3493 temporibus
1469 3447 1512 3458 -
1533 3427 1605 3476 nam
1628 3409 1739 3476 titulus
1760 3430 1790 3478 n.
1807 3411 1889 3476 3865

257 3522 311 3600 qui
331 3519 473 3607 Περίτιον
503 3542 642 3591 mensem
668 3529 814 3612 praebet,
844 3531 884 3596 ad
913 3532 1041 3596 tertium
1070 3529 1207 3614 pertinet
1233 3528 1392 3598 saeordum
1420 3565 1461 3578 -
1491 3550 1509 3596 s
1531 3531 1743 3596 Romanorum
1769 3531 1891 3598 ratione

256 3655 378 3704 menses
399 3643 655 3726 numerabantur,
678 3666 741 3730 qua
762 3649 909 3716 nimirum
929 3649 1097 3716 occidentis
1118 3665 1242 3732 quoque
1265 3662 1372 3716 omnes
1395 3648 1563 3715 Christiani
1584 3648 1764 3716 utebantur.
1809 3649 1889 3716 Nam

257 3756 378 3825 Galliae
400 3766 432 3826 et
454 3759 639 3832 Germaniae
660 3765 762 3844 tituli,
785 3769 838 3848 qui
863 3769 1010 3838 exhibent
1032 3771 1183 3854 Syrorum
1204 3785 1327 3838 menses
1350 3752 1582 3854 deprecabat
1602 3765 1790 3856 Πάνημονθ),
1813 3786 1889 3850 quo·

255 3877 338 3944 niam
361 3885 529 3962 utrumque
551 3885 677 3952 titulum
703 3906 723 3953 a
749 3889 836 3973 Syris
859 3889 1037 3959 hominibus
1059 3893 1210 3976 scriptum
1237 3911 1306 3958 esse
1331 3897 1475 3974 apparet,
1505 3910 1567 3958 non
1593 3897 1666 3957 sunt
1691 3892 1887 3974 respiciendi.

358 4001 458 4067 Multo
479 4005 640 4086 pauciores
662 4007 755 4091 eique
775 4013 915 4093 priorum
938 4013 1105 4096 praecipue
1123 4015 1319 4082 saeculorum
1334 4019 1409 4079 sunt
1423 4011 1517 4092 tituli,
1540 4012 1594 4095 qui
1608 4029 1671 4092 quo
1684 4010 1887 4078 hebdomadis

257 4119 307 4186 die
328 4121 441 4204 aliquis
463 4129 605 4191 mortuus
626 4127 667 4193 sit
689 4130 827 4196 tradunt.
868 4132 1016 4212 Exceptis
1039 4133 1282 4200 Atheniensibus
1304 4134 1366 4199 illis
1387 4133 1639 4215 inscriptionibus
1662 4134 1694 4198 in
1715 4133 1886 4198 Partheno

255 4239 303 4302 nis
324 4241 477 4324 peristylii
499 4244 649 4312 columnis
675 4250 808 4330 repertis
832 4251 957 4318 omnino
984 4253 1096 4336 viginti
1126 4273 1188 4320 una
1213 4255 1306 4321 huius
1333 4255 1456 4340 generis
1482 4259 1622 4334 exstant,
1651 4271 1784 4335 quarum
1810 4253 1886 4319 duo·

256 4360 355 4426 decim
370 4381 388 4428 e
403 4361 509 4430 Sicilia
529 4364 680 4431 oriundae
702 4373 785 4434 sunt.
818 4370 864 4435 Aa
886 4371 952 4438 dios
975 4369 1056 4438 Solis
1078 4371 1204 4454 quidem
1226 4373 1341 4456 triplici
1363 4375 1454 4441 modo
1477 4369 1671 4455 significatus
1689 4377 1753 4439 est:
1782 4371 1885 4460 ἡμέρα

248 4476 360 4555 Ἡλίου,
383 4481 483 4567 ἡμέρα
499 4485 627 4573 κυριακὴ
642 4489 878 4572 coniunctisque
893 4491 1020 4557 vocibus
1036 4491 1139 4578 ἡμέρα
1156 4488 1254 4556 Ἡλίου
1277 4493 1419 4581 ropruxq';
1442 4492 1551 4558 Lunae
1572 4493 1639 4558 dies
1662 4491 1759 4558 semel
1780 4490 1884 4578 ἡμέρα

253 4602 526 4702 pFnominstur,
549 4622 633 4704 quod
655 4624 824 4705 respondet
845 4626 1028 4694 Latinorum
1050 4627 1148 4696 feriae
1169 4631 1276 4711 atteri,
1303 4635 1354 4696 ter
1374 4629 1478 4718 ἡμέρα
1500 4627 1652 4718 Σελήνης
1681 4625 1794 4694 Martis
1822 4627 1883 4694 diei

355 4819 378 4886 1)
395 4816 477 4872 Serm.
493 4820 549 4873 129.
685 4817 708 4888 1)
727 4833 753 4874 ιι.
765 4822 841 4876 9197.
982 4823 1005 4891 ³)
1023 4823 1093 4880 Casu
1110 4825 1225 4894 quodam
1242 4825 1344 4880 tectum
1361 4829 1410 4893 est,
1429 4829 1460 4879 nt
1476 4831 1584 4896 praeter
1601 4829 1706 4880 sextum
1724 4821 1835 4895 (Μεχίρ)
1854 4829 1882 4878 et

255 4897 437 4959 duodecimum
460 4901 588 4975 (Μεσορι)
609 4919 700 4960 omnes
723 4906 917 4975 Aegyptiorum
939 4922 1043 4964 menses
1067 4910 1094 4964 in
1118 4910 1159 4965 bis
1183 4911 1268 4966 titulis
1295 4915 1449 4967 occurrant:
1479 4915 1500 4966 1.
1521 4911 1599 4979 Ouid,
1623 4911 1669 4978 qui
1692 4909 1837 4978 incipiebat
1854 4926 1879 4964 a.

255 4985 279 5039 d.
298 4985 344 5040 IV.
368 4989 422 5044 cal.
445 4989 518 5060 Sept.
558 4996 583 5046 2.
602 4989 702 5062 Φαωφί.
743 4996 768 5048 3.
787 4989 873 5063 desp.
912 4993 1048 5051 hXordz.
1089 5001 1113 5051 5.
1135 4992 1209 5062 Τυβί.
1250 4999 1273 5052 7.
1297 4993 1439 5062 Φαμενώθ.
1479 5001 1503 5052 8.
1530 4996 1679 5066 dappooor.
1720 5000 1744 5052 9.
1770 4993 1877 5067 Παχών.

260 5075 300 5128 10.
320 5069 413 5132 Hanni.
449 5082 488 5132 11.
506 5075 598 5150 Ἐπιφλ
698 5079 852 5146 ⁴)n.9146.
955 5081 978 5148 i)
994 5096 1020 5134 n.
1032 5084 1108 5137 9159.
1210 5083 1361 5153 9119159.
1467 5084 1489 5152 ⁷)
1507 5098 1534 5137 n.
1545 5085 1620 5139 9896.
1727 5082 1750 5152 8)
1765 5097 1791 5136 n.
1803 5084 1879 5139 9891.
