<?xml version="1.0" encoding="UTF-8"?>
<!DOCTYPE html PUBLIC "-//W3C//DTD XHTML 1.0 Transitional//EN"
    "http://www.w3.org/TR/xhtml1/DTD/xhtml1-transitional.dtd">
<html xmlns="http://www.w3.org/1999/xhtml" xml:lang="en" lang="en">
 <head>
  <title>
</title>
<meta http-equiv="Content-Type" content="text/html;charset=utf-8" />
  <meta name='ocr-system' content='tesseract 3.04.00' />
  <meta name='ocr-capabilities' content='ocr_page ocr_carea ocr_par ocr_line ocrx_word'/>
</head>
<body>
  <div class='ocr_page' id='page_1' title='image "./decompositionet00rittgoog_0043.png"; bbox 0 0 4748 6524; ppageno 0'>
   <div class='ocr_carea' id='block_1_1' title="bbox 1292 663 1334 729">
    <p class='ocr_par' dir='ltr' id='par_1_1' title="bbox 1292 663 1334 729">
     <span class='ocr_line' id='line_1_1' title="bbox 1292 663 1334 729; baseline -0.024 0"><span class='ocrx_word' id='word_1_1' title='bbox 1292 663 1334 729; x_wconf 84' lang='lat'><strong>36</strong></span> 
     </span>
    </p>
   </div>
   <div class='ocr_carea' id='block_1_2' title="bbox 1217 749 1416 762">
    <p class='ocr_par' dir='ltr' id='par_1_2' title="bbox 1217 749 1416 762">
     <span class='ocr_line' id='line_1_2' title="bbox 1217 749 1416 762; baseline -0.015 0"><span class='ocrx_word' id='word_1_2' title='bbox 1217 749 1416 762; x_wconf 54' lang='lat' dir='ltr'><strong>&#39;n‘-</strong></span> 
     </span>
    </p>
   </div>
   <div class='ocr_carea' id='block_1_3' title="bbox 493 864 2164 2634">
    <p class='ocr_par' dir='ltr' id='par_1_3' title="bbox 903 864 1578 956">
     <span class='ocr_line' id='line_1_3' title="bbox 903 864 1578 956; baseline 0 -24"><span class='ocrx_word' id='word_1_3' title='bbox 903 867 1028 951; x_wconf 83' lang='grc' dir='ltr'><em>ἄμικτος</em></span> <span class='ocrx_word' id='word_1_4' title='bbox 1050 864 1142 949; x_wconf 82' lang='grc' dir='ltr'><em>ἔστω,</em></span> <span class='ocrx_word' id='word_1_5' title='bbox 1163 869 1207 956; x_wconf 80' lang='grc' dir='ltr'><strong>μι)</strong></span> <span class='ocrx_word' id='word_1_6' title='bbox 1231 869 1309 954; x_wconf 84' lang='grc' dir='ltr'><em>πρὸς</em></span> <span class='ocrx_word' id='word_1_7' title='bbox 1332 868 1434 944; x_wconf 85' lang='grc' dir='ltr'><em>ἄλλοις</em></span> <span class='ocrx_word' id='word_1_8' title='bbox 1456 867 1578 943; x_wconf 79' lang='grc' dir='ltr'><em>ὀστέοις</em></span> 
     </span>
    </p>

    <p class='ocr_par' dir='ltr' id='par_1_4' title="bbox 907 986 1489 1080">
     <span class='ocr_line' id='line_1_4' title="bbox 907 986 1489 1080; baseline 0.002 -27"><span class='ocrx_word' id='word_1_9' title='bbox 907 987 1121 1076; x_wconf 86' lang='grc' dir='ltr'><em>δνςδιάκριτον</em></span> <span class='ocrx_word' id='word_1_10' title='bbox 1144 989 1290 1078; x_wconf 75' lang='grc' dir='ltr'><em>ἀπολάβῃ</em></span> <span class='ocrx_word' id='word_1_11' title='bbox 1315 991 1369 1080; x_wconf 79' lang='grc' dir='ltr'><strong>την</strong></span> <span class='ocrx_word' id='word_1_12' title='bbox 1392 986 1489 1054; x_wconf 91' lang='grc' dir='ltr'><em>θέσιν.</em></span> 
     </span>
    </p>

    <p class='ocr_par' dir='ltr' id='par_1_5' title="bbox 903 1107 1619 1200">
     <span class='ocr_line' id='line_1_5' title="bbox 903 1107 1619 1200; baseline 0.004 -27"><span class='ocrx_word' id='word_1_13' title='bbox 903 1107 954 1196; x_wconf 84' lang='grc' dir='ltr'><strong>ἆρ’</strong></span> <span class='ocrx_word' id='word_1_14' title='bbox 978 1107 1043 1199; x_wconf 61' lang='lat' dir='ltr'><strong>cupi</strong></span> <span class='ocrx_word' id='word_1_15' title='bbox 1066 1107 1284 1200; x_wconf 80' lang='grc' dir='ltr'><em>παράσχοισθτ</em></span> <span class='ocrx_word' id='word_1_16' title='bbox 1307 1111 1361 1200; x_wconf 83' lang='grc' dir='ltr'><strong>τὴν</strong></span> <span class='ocrx_word' id='word_1_17' title='bbox 1380 1111 1494 1198; x_wconf 85' lang='grc' dir='ltr'><em>μικρὰν</em></span> <span class='ocrx_word' id='word_1_18' title='bbox 1512 1110 1619 1200; x_wconf 80' lang='grc' dir='ltr'><em>χάριν;</em></span> 
     </span>
    </p>

    <p class='ocr_par' dir='ltr' id='par_1_6' title="bbox 903 1227 1583 1320">
     <span class='ocr_line' id='line_1_6' title="bbox 903 1227 1583 1320; baseline 0.001 -27"><span class='ocrx_word' id='word_1_19' title='bbox 903 1227 955 1315; x_wconf 77' lang='grc' dir='ltr'><strong>ἄρ’</strong></span> <span class='ocrx_word' id='word_1_20' title='bbox 978 1228 1043 1319; x_wconf 59' lang='lat' dir='ltr'><strong>ooli</strong></span> <span class='ocrx_word' id='word_1_21' title='bbox 1066 1227 1238 1304; x_wconf 74' lang='grc' dir='ltr'><em>θπάξοισθε</em></span> <span class='ocrx_word' id='word_1_22' title='bbox 1261 1231 1313 1294; x_wconf 87' lang='grc' dir='ltr'><strong>τὸν</strong></span> <span class='ocrx_word' id='word_1_23' title='bbox 1333 1229 1457 1320; x_wconf 79' lang='grc' dir='ltr'><em>βραχὺν</em></span> <span class='ocrx_word' id='word_1_24' title='bbox 1478 1229 1583 1313; x_wconf 72' lang='grc' dir='ltr'><em>λόγονς</em></span> 
     </span>
    </p>

    <p class='ocr_par' dir='ltr' id='par_1_7' title="bbox 905 1348 1675 1438">
     <span class='ocr_line' id='line_1_7' title="bbox 905 1348 1675 1438; baseline 0 -25"><span class='ocrx_word' id='word_1_25' title='bbox 905 1348 952 1413; x_wconf 87' lang='grc' dir='ltr'><em>ναλ</em></span> <span class='ocrx_word' id='word_1_26' title='bbox 974 1350 1053 1435; x_wconf 80' lang='grc' dir='ltr'><em>πρὸς</em></span> <span class='ocrx_word' id='word_1_27' title='bbox 1076 1349 1213 1434; x_wconf 80' lang='grc' dir='ltr'><strong><em>τριάδος,</em></strong></span> <span class='ocrx_word' id='word_1_28' title='bbox 1238 1351 1285 1414; x_wconf 82' lang='grc' dir='ltr'><em>ναί</em></span> <span class='ocrx_word' id='word_1_29' title='bbox 1307 1355 1385 1436; x_wconf 81' lang='grc' dir='ltr'><em>πρὸς</em></span> <span class='ocrx_word' id='word_1_30' title='bbox 1407 1348 1510 1414; x_wconf 80' lang='grc' dir='ltr'><em>αὐτῶν</em></span> <span class='ocrx_word' id='word_1_31' title='bbox 1533 1349 1675 1438; x_wconf 86' lang='grc' dir='ltr'><em>κηρύκων</em></span> 
     </span>
    </p>

    <p class='ocr_par' dir='ltr' id='par_1_8' title="bbox 906 1467 1635 1558">
     <span class='ocr_line' id='line_1_8' title="bbox 906 1467 1635 1558; baseline -0.001 -24"><span class='ocrx_word' id='word_1_32' title='bbox 906 1471 968 1534; x_wconf 83' lang='grc' dir='ltr'><strong>τῶν</strong></span> <span class='ocrx_word' id='word_1_33' title='bbox 991 1468 1250 1554; x_wconf 79' lang='grc' dir='ltr'><em>προστατούντων</em></span> <span class='ocrx_word' id='word_1_34' title='bbox 1273 1467 1364 1558; x_wconf 77' lang='grc' dir='ltr'><em>κῇςδε</em></span> <span class='ocrx_word' id='word_1_35' title='bbox 1388 1472 1443 1556; x_wconf 77' lang='grc' dir='ltr'><strong>τῆς</strong></span> <span class='ocrx_word' id='word_1_36' title='bbox 1465 1467 1635 1557; x_wconf 76' lang='grc' dir='ltr'><em>ἐκκλησίας,</em></span> 
     </span>
    </p>

    <p class='ocr_par' dir='ltr' id='par_1_9' title="bbox 899 1587 1528 1678">
     <span class='ocr_line' id='line_1_9' title="bbox 899 1587 1528 1678; baseline 0 -26"><span class='ocrx_word' id='word_1_37' title='bbox 899 1589 1010 1678; x_wconf 80' lang='grc' dir='ltr'><em>μηδεὶς</em></span> <span class='ocrx_word' id='word_1_38' title='bbox 1033 1588 1198 1677; x_wconf 82' lang='grc' dir='ltr'><em>ποραλύση</em></span> <span class='ocrx_word' id='word_1_39' title='bbox 1218 1612 1273 1674; x_wconf 91' lang='grc' dir='ltr'><em>μοι</em></span> <span class='ocrx_word' id='word_1_40' title='bbox 1295 1588 1332 1653; x_wconf 85' lang='grc' dir='ltr'><strong>τά</strong></span> <span class='ocrx_word' id='word_1_41' title='bbox 1352 1587 1528 1677; x_wconf 80' lang='grc' dir='ltr'><em>βανλητέα·</em></span> 
     </span>
    </p>

    <p class='ocr_par' dir='ltr' id='par_1_10' title="bbox 903 1706 1534 1799">
     <span class='ocr_line' id='line_1_10' title="bbox 903 1706 1534 1799; baseline 0 -27"><span class='ocrx_word' id='word_1_42' title='bbox 903 1706 922 1799; x_wconf 73' lang='grc' dir='ltr'><em>ἦ</em></span> <span class='ocrx_word' id='word_1_43' title='bbox 943 1709 1006 1798; x_wconf 80' lang='grc' dir='ltr'><strong>μην</strong></span> <span class='ocrx_word' id='word_1_44' title='bbox 1028 1707 1137 1795; x_wconf 75' lang='grc' dir='ltr'><em>ὑφέξει</em></span> <span class='ocrx_word' id='word_1_45' title='bbox 1159 1709 1213 1798; x_wconf 69' lang='grc' dir='ltr'><strong>τὴν</strong></span> <span class='ocrx_word' id='word_1_46' title='bbox 1235 1706 1269 1772; x_wconf 86' lang='grc' dir='ltr'><strong>έν</strong></span> <span class='ocrx_word' id='word_1_47' title='bbox 1292 1707 1416 1795; x_wconf 80' lang='grc' dir='ltr'><em>ὑστέρῳ</em></span> <span class='ocrx_word' id='word_1_48' title='bbox 1439 1707 1534 1796; x_wconf 84' lang='grc' dir='ltr'><em>δίκην,</em></span> 
     </span>
    </p>

    <p class='ocr_par' dir='ltr' id='par_1_11' title="bbox 905 1826 1585 1917">
     <span class='ocr_line' id='line_1_11' title="bbox 905 1826 1585 1917; baseline -0.001 -25"><span class='ocrx_word' id='word_1_49' title='bbox 905 1826 981 1894; x_wconf 83' lang='grc' dir='ltr'><em>ἐπὰν</em></span> <span class='ocrx_word' id='word_1_50' title='bbox 1004 1828 1021 1892; x_wconf 83' lang='grc' dir='ltr'><em>θ</em></span> <span class='ocrx_word' id='word_1_51' title='bbox 1044 1829 1143 1903; x_wconf 85' lang='grc' dir='ltr'><em>κοινὸς</em></span> <span class='ocrx_word' id='word_1_52' title='bbox 1165 1829 1212 1892; x_wconf 80' lang='grc' dir='ltr'><em>καί</em></span> <span class='ocrx_word' id='word_1_53' title='bbox 1235 1829 1338 1917; x_wconf 74' lang='grc' dir='ltr'><em>κριτὴς</em></span> <span class='ocrx_word' id='word_1_54' title='bbox 1360 1829 1408 1892; x_wconf 83' lang='grc' dir='ltr'><em>καί</em></span> <span class='ocrx_word' id='word_1_55' title='bbox 1430 1826 1585 1916; x_wconf 77' lang='grc' dir='ltr'><em>δεσπότης</em></span> 
     </span>
    </p>

    <p class='ocr_par' dir='ltr' id='par_1_12' title="bbox 493 1945 2164 2274">
     <span class='ocr_line' id='line_1_12' title="bbox 904 1945 1592 2033; baseline 0.001 -22"><span class='ocrx_word' id='word_1_56' title='bbox 904 1947 938 2011; x_wconf 86' lang='grc' dir='ltr'><strong>τὸ</strong></span> <span class='ocrx_word' id='word_1_57' title='bbox 962 1945 1079 2032; x_wconf 88' lang='grc' dir='ltr'><em>πλάσμ’</em></span> <span class='ocrx_word' id='word_1_58' title='bbox 1102 1945 1284 2022; x_wconf 70' lang='grc' dir='ltr'><em>ἐπανάξειεν</em></span> <span class='ocrx_word' id='word_1_59' title='bbox 1308 1947 1351 2022; x_wconf 79' lang='grc' dir='ltr'><strong>είς</strong></span> <span class='ocrx_word' id='word_1_60' title='bbox 1374 1945 1462 2012; x_wconf 90' lang='grc' dir='ltr'><em>θείαν</em></span> <span class='ocrx_word' id='word_1_61' title='bbox 1485 1946 1592 2033; x_wconf 87' lang='grc' dir='ltr'><em>κρίσιν.</em></span> 
     </span>
     <span class='ocr_line' id='line_1_13' title="bbox 494 2051 2164 2152; baseline -0.002 -14"><span class='ocrx_word' id='word_1_62' title='bbox 494 2068 593 2138; x_wconf 75' lang='lat' dir='ltr'><strong>(iuius</strong></span> <span class='ocrx_word' id='word_1_63' title='bbox 615 2069 661 2133; x_wconf 90' lang='lat' dir='ltr'><strong>rei</strong></span> <span class='ocrx_word' id='word_1_64' title='bbox 683 2083 870 2151; x_wconf 89' lang='lat' dir='ltr'><strong>quamquam</strong></span> <span class='ocrx_word' id='word_1_65' title='bbox 895 2067 989 2134; x_wconf 91' lang='lat' dir='ltr'><strong>etiam</strong></span> <span class='ocrx_word' id='word_1_66' title='bbox 1010 2051 1044 2132; x_wconf 82' lang='lat' dir='ltr'><strong>iu</strong></span> <span class='ocrx_word' id='word_1_67' title='bbox 1059 2066 1267 2135; x_wconf 82' lang='lat' dir='ltr'><strong>Theostericti</strong></span> <span class='ocrx_word' id='word_1_68' title='bbox 1289 2067 1373 2152; x_wconf 89' lang='lat' dir='ltr'><strong>quod</strong></span> <span class='ocrx_word' id='word_1_69' title='bbox 1395 2068 1486 2134; x_wconf 86' lang='lat' dir='ltr'><strong>modu</strong></span> <span class='ocrx_word' id='word_1_70' title='bbox 1509 2067 1673 2134; x_wconf 82' lang='lat' dir='ltr'><strong>attulimus</strong></span> <span class='ocrx_word' id='word_1_71' title='bbox 1695 2069 1927 2151; x_wconf 88' lang='lat' dir='ltr'><strong>monumento¹)</strong></span> <span class='ocrx_word' id='word_1_72' title='bbox 1952 2069 2079 2135; x_wconf 86' lang='lat' dir='ltr'><strong>simile</strong></span> <span class='ocrx_word' id='word_1_73' title='bbox 2105 2069 2164 2134; x_wconf 91' lang='lat' dir='ltr'><strong>ali·</strong></span> 
     </span>
     <span class='ocr_line' id='line_1_14' title="bbox 493 2187 782 2274; baseline -0.021 -18"><span class='ocrx_word' id='word_1_74' title='bbox 493 2189 569 2274; x_wconf 88' lang='lat' dir='ltr'><strong>quid</strong></span> <span class='ocrx_word' id='word_1_75' title='bbox 591 2187 782 2256; x_wconf 80' lang='lat' dir='ltr'><strong>invenimus:</strong></span> 
     </span>
    </p>

    <p class='ocr_par' dir='ltr' id='par_1_13' title="bbox 901 2306 1650 2396">
     <span class='ocr_line' id='line_1_15' title="bbox 901 2306 1650 2396; baseline 0 -26"><span class='ocrx_word' id='word_1_76' title='bbox 901 2307 919 2370; x_wconf 81' lang='grc' dir='ltr'><strong>ὁ</strong></span> <span class='ocrx_word' id='word_1_77' title='bbox 942 2307 978 2372; x_wconf 83' lang='grc' dir='ltr'><strong>δὲ</strong></span> <span class='ocrx_word' id='word_1_78' title='bbox 1000 2307 1166 2395; x_wconf 76' lang='grc' dir='ltr'><em>σπαράξας</em></span> <span class='ocrx_word' id='word_1_79' title='bbox 1189 2306 1244 2372; x_wconf 80' lang='grc' dir='ltr'><strong>κᾶν</strong></span> <span class='ocrx_word' id='word_1_80' title='bbox 1264 2306 1369 2396; x_wconf 78' lang='grc' dir='ltr'><em>βραχύ</em></span> <span class='ocrx_word' id='word_1_81' title='bbox 1389 2329 1452 2392; x_wconf 89' lang='grc' dir='ltr'><em>μον</em></span> <span class='ocrx_word' id='word_1_82' title='bbox 1476 2308 1528 2370; x_wconf 84' lang='grc' dir='ltr'><strong>τὸν</strong></span> <span class='ocrx_word' id='word_1_83' title='bbox 1550 2307 1650 2392; x_wconf 82' lang='grc' dir='ltr'><em>τάφον</em></span> 
     </span>
    </p>

    <p class='ocr_par' dir='ltr' id='par_1_14' title="bbox 905 2425 1563 2516">
     <span class='ocr_line' id='line_1_16' title="bbox 905 2425 1563 2516; baseline -0.005 -24"><span class='ocrx_word' id='word_1_84' title='bbox 905 2425 1059 2504; x_wconf 80' lang='grc' dir='ltr'><em>ἔκπτωτος</em></span> <span class='ocrx_word' id='word_1_85' title='bbox 1081 2425 1167 2492; x_wconf 83' lang='grc' dir='ltr'><em>ἔσται</em></span> <span class='ocrx_word' id='word_1_86' title='bbox 1191 2429 1244 2514; x_wconf 82' lang='grc' dir='ltr'><strong>τῆς</strong></span> <span class='ocrx_word' id='word_1_87' title='bbox 1266 2425 1355 2511; x_wconf 82' lang='grc' dir='ltr'><strong>Ἐδὲμ</strong></span> <span class='ocrx_word' id='word_1_88' title='bbox 1379 2425 1563 2516; x_wconf 79' lang='grc' dir='ltr'><em>κληρουχίας</em></span> 
     </span>
    </p>

    <p class='ocr_par' dir='ltr' id='par_1_15' title="bbox 902 2545 1607 2634">
     <span class='ocr_line' id='line_1_17' title="bbox 902 2545 1607 2634; baseline -0.006 -20"><span class='ocrx_word' id='word_1_89' title='bbox 902 2549 951 2614; x_wconf 83' lang='grc' dir='ltr'><em>καλ</em></span> <span class='ocrx_word' id='word_1_90' title='bbox 974 2548 1028 2624; x_wconf 83' lang='grc' dir='ltr'><strong>τὰς</strong></span> <span class='ocrx_word' id='word_1_91' title='bbox 1050 2547 1132 2634; x_wconf 83' lang='grc' dir='ltr'><em>ἀρὰς</em></span> <span class='ocrx_word' id='word_1_92' title='bbox 1154 2546 1278 2620; x_wconf 83' lang='grc' dir='ltr'><em>δέξαιτο</em></span> <span class='ocrx_word' id='word_1_93' title='bbox 1302 2545 1357 2620; x_wconf 84' lang='grc' dir='ltr'><strong>τὰς</strong></span> <span class='ocrx_word' id='word_1_94' title='bbox 1379 2549 1441 2610; x_wconf 79' lang='grc' dir='ltr'><strong>τῶν</strong></span> <span class='ocrx_word' id='word_1_95' title='bbox 1463 2545 1607 2634; x_wconf 83' lang='grc' dir='ltr'><em>πατέρων</em></span> 
     </span>
    </p>
   </div>
   <div class='ocr_carea' id='block_1_4' title="bbox 901 2663 1630 2758">
    <p class='ocr_par' dir='ltr' id='par_1_16' title="bbox 901 2663 1630 2758">
     <span class='ocr_line' id='line_1_18' title="bbox 901 2663 1630 2758; baseline -0.001 -25"><span class='ocrx_word' id='word_1_96' title='bbox 901 2670 950 2733; x_wconf 84' lang='grc' dir='ltr'><em>καὶ</em></span> <span class='ocrx_word' id='word_1_97' title='bbox 966 2669 1038 2758; x_wconf 76' lang='grc' dir='ltr'><em>χεὶρ</em></span> <span class='ocrx_word' id='word_1_98' title='bbox 1062 2663 1139 2731; x_wconf 81' lang='grc' dir='ltr'><em>θεοῦ</em></span> <span class='ocrx_word' id='word_1_99' title='bbox 1162 2663 1300 2751; x_wconf 86' lang='grc' dir='ltr'><em>ποίνιμος</em></span> <span class='ocrx_word' id='word_1_100' title='bbox 1321 2664 1415 2731; x_wconf 81' lang='grc' dir='ltr'><em>αὐτὸν</em></span> <span class='ocrx_word' id='word_1_101' title='bbox 1438 2666 1630 2753; x_wconf 87' lang='grc' dir='ltr'><em>προφθάσοι,</em></span> 
     </span>
    </p>
   </div>
   <div class='ocr_carea' id='block_1_5' title="bbox 491 2785 2138 4188">
    <p class='ocr_par' dir='ltr' id='par_1_17' title="bbox 492 2785 2138 3707">
     <span class='ocr_line' id='line_1_19' title="bbox 493 2785 2138 2872; baseline -0.001 -14"><span class='ocrx_word' id='word_1_102' title='bbox 493 2790 666 2858; x_wconf 78' lang='lat' dir='ltr'><strong>umentes</strong></span> <span class='ocrx_word' id='word_1_103' title='bbox 688 2787 919 2857; x_wconf 74' lang='lat' dir='ltr'><strong>exsecrationes</strong></span> <span class='ocrx_word' id='word_1_104' title='bbox 941 2785 1128 2870; x_wconf 78' lang='lat' dir='ltr'><strong>antiquioris</strong></span> <span class='ocrx_word' id='word_1_105' title='bbox 1151 2787 1220 2853; x_wconf 88' lang='lat' dir='ltr'><strong>aevi</strong></span> <span class='ocrx_word' id='word_1_106' title='bbox 1242 2785 1424 2870; x_wconf 81' lang='lat' dir='ltr'><strong>peculiares,</strong></span> <span class='ocrx_word' id='word_1_107' title='bbox 1447 2786 1675 2868; x_wconf 82' lang='lat' dir='ltr'><strong>posterioribus</strong></span> <span class='ocrx_word' id='word_1_108' title='bbox 1695 2788 1887 2872; x_wconf 85' lang='lat' dir='ltr'><strong>temporibus</strong></span> <span class='ocrx_word' id='word_1_109' title='bbox 1902 2789 1941 2856; x_wconf 87' lang='lat' dir='ltr'><strong>ab</strong></span> <span class='ocrx_word' id='word_1_110' title='bbox 1959 2791 2011 2858; x_wconf 88' lang='lat' dir='ltr'><strong>eis</strong></span> <span class='ocrx_word' id='word_1_111' title='bbox 2028 2787 2138 2868; x_wconf 86' lang='lat' dir='ltr'><strong>solum,</strong></span> 
     </span>
     <span class='ocr_line' id='line_1_20' title="bbox 493 2904 2138 2993; baseline -0.003 -17"><span class='ocrx_word' id='word_1_112' title='bbox 493 2909 548 2993; x_wconf 93' lang='lat' dir='ltr'><strong>qui</strong></span> <span class='ocrx_word' id='word_1_113' title='bbox 562 2914 701 2978; x_wconf 87' lang='lat' dir='ltr'><strong>veterum</strong></span> <span class='ocrx_word' id='word_1_114' title='bbox 718 2907 858 2975; x_wconf 91' lang='lat' dir='ltr'><strong>moribus</strong></span> <span class='ocrx_word' id='word_1_115' title='bbox 873 2907 1045 2975; x_wconf 87' lang='lat' dir='ltr'><strong>studebant</strong></span> <span class='ocrx_word' id='word_1_116' title='bbox 1067 2904 1237 2981; x_wconf 86' lang='lat' dir='ltr'><strong>imitandis,</strong></span> <span class='ocrx_word' id='word_1_117' title='bbox 1260 2909 1430 2988; x_wconf 88' lang='lat' dir='ltr'><strong>usurpatas</strong></span> <span class='ocrx_word' id='word_1_118' title='bbox 1445 2922 1514 2972; x_wconf 91' lang='lat' dir='ltr'><strong>esse</strong></span> <span class='ocrx_word' id='word_1_119' title='bbox 1535 2905 1664 2988; x_wconf 84' lang='lat' dir='ltr'><strong>reliquis</strong></span> <span class='ocrx_word' id='word_1_120' title='bbox 1687 2907 1787 2974; x_wconf 89' lang='lat' dir='ltr'><strong>titulis</strong></span> <span class='ocrx_word' id='word_1_121' title='bbox 1809 2907 1995 2975; x_wconf 89' lang='lat' dir='ltr'><strong>luculentur</strong></span> <span class='ocrx_word' id='word_1_122' title='bbox 2012 2909 2138 2975; x_wconf 91' lang='lat' dir='ltr'><strong>demon·</strong></span> 
     </span>
     <span class='ocr_line' id='line_1_21' title="bbox 492 3023 2133 3110; baseline -0.004 -14"><span class='ocrx_word' id='word_1_123' title='bbox 492 3034 622 3096; x_wconf 89' lang='lat' dir='ltr'><strong>stratur.</strong></span> <span class='ocrx_word' id='word_1_124' title='bbox 657 3030 760 3110; x_wconf 78' lang='lat' dir='ltr'><strong>Atque</strong></span> <span class='ocrx_word' id='word_1_125' title='bbox 782 3025 815 3092; x_wconf 93' lang='lat' dir='ltr'><strong>in</strong></span> <span class='ocrx_word' id='word_1_126' title='bbox 838 3025 1032 3092; x_wconf 86' lang='lat' dir='ltr'><strong>coemeteriis</strong></span> <span class='ocrx_word' id='word_1_127' title='bbox 1055 3023 1180 3107; x_wconf 86' lang='lat' dir='ltr'><strong>quidem</strong></span> <span class='ocrx_word' id='word_1_128' title='bbox 1204 3023 1291 3090; x_wconf 90' lang='lat' dir='ltr'><strong>urbis</strong></span> <span class='ocrx_word' id='word_1_129' title='bbox 1319 3023 1394 3088; x_wconf 92' lang='lat' dir='ltr'><strong>nihil</strong></span> <span class='ocrx_word' id='word_1_130' title='bbox 1423 3023 1573 3091; x_wconf 87' lang='lat' dir='ltr'><strong>eiusmodi</strong></span> <span class='ocrx_word' id='word_1_131' title='bbox 1596 3025 1764 3092; x_wconf 89' lang='lat' dir='ltr'><strong>invenitur.</strong></span> <span class='ocrx_word' id='word_1_132' title='bbox 1797 3026 1887 3106; x_wconf 90' lang='lat' dir='ltr'><strong>Quod</strong></span> <span class='ocrx_word' id='word_1_133' title='bbox 1908 3045 1967 3094; x_wconf 89' lang='lat' dir='ltr'><strong>cur</strong></span> <span class='ocrx_word' id='word_1_134' title='bbox 1983 3029 2133 3094; x_wconf 87' lang='lat' dir='ltr'><strong>miremm</strong></span> 
     </span>
     <span class='ocr_line' id='line_1_22' title="bbox 493 3143 2128 3230; baseline -0.004 -16"><span class='ocrx_word' id='word_1_135' title='bbox 493 3166 554 3214; x_wconf 92' lang='lat' dir='ltr'><strong>non</strong></span> <span class='ocrx_word' id='word_1_136' title='bbox 584 3151 642 3214; x_wconf 89' lang='lat' dir='ltr'><strong>est.</strong></span> <span class='ocrx_word' id='word_1_137' title='bbox 690 3146 833 3229; x_wconf 87' lang='lat' dir='ltr'><strong>Namque</strong></span> <span class='ocrx_word' id='word_1_138' title='bbox 862 3162 933 3213; x_wconf 91' lang='lat' dir='ltr'><strong>cum</strong></span> <span class='ocrx_word' id='word_1_139' title='bbox 962 3143 1220 3212; x_wconf 82' lang='lat' dir='ltr'><strong>coemeteriorum</strong></span> <span class='ocrx_word' id='word_1_140' title='bbox 1247 3143 1392 3226; x_wconf 88' lang='lat' dir='ltr'><strong>sepulcra</strong></span> <span class='ocrx_word' id='word_1_141' title='bbox 1421 3143 1505 3211; x_wconf 88' lang='lat' dir='ltr'><strong>saxis</strong></span> <span class='ocrx_word' id='word_1_142' title='bbox 1532 3145 1675 3212; x_wconf 84' lang='lat' dir='ltr'><strong>concludi</strong></span> <span class='ocrx_word' id='word_1_143' title='bbox 1702 3145 1840 3214; x_wconf 90' lang='lat' dir='ltr'><strong>solerent</strong></span> <span class='ocrx_word' id='word_1_144' title='bbox 1869 3147 1913 3214; x_wconf 89' lang='lat' dir='ltr'><strong>itu</strong></span> <span class='ocrx_word' id='word_1_145' title='bbox 1940 3147 2068 3230; x_wconf 86' lang='lat' dir='ltr'><strong>quidem</strong></span> <span class='ocrx_word' id='word_1_146' title='bbox 2096 3148 2128 3210; x_wconf 91' lang='lat' dir='ltr'><strong>ut</strong></span> 
     </span>
     <span class='ocr_line' id='line_1_23' title="bbox 492 3261 2124 3350; baseline -0.003 -18"><span class='ocrx_word' id='word_1_147' title='bbox 492 3269 619 3350; x_wconf 89' lang='lat' dir='ltr'><strong>praeter</strong></span> <span class='ocrx_word' id='word_1_148' title='bbox 640 3283 703 3345; x_wconf 90' lang='lat' dir='ltr'><strong>eos,</strong></span> <span class='ocrx_word' id='word_1_149' title='bbox 726 3264 781 3346; x_wconf 95' lang='lat' dir='ltr'><strong>qui</strong></span> <span class='ocrx_word' id='word_1_150' title='bbox 803 3281 823 3330; x_wconf 91' lang='lat' dir='ltr'><strong>a</strong></span> <span class='ocrx_word' id='word_1_151' title='bbox 844 3264 944 3346; x_wconf 88' lang='lat' dir='ltr'><strong>primo</strong></span> <span class='ocrx_word' id='word_1_152' title='bbox 966 3264 998 3328; x_wconf 89' lang='lat' dir='ltr'><strong>in</strong></span> <span class='ocrx_word' id='word_1_153' title='bbox 1021 3261 1067 3330; x_wconf 90' lang='lat' dir='ltr'><strong>eis</strong></span> <span class='ocrx_word' id='word_1_154' title='bbox 1089 3261 1211 3328; x_wconf 88' lang='lat' dir='ltr'><strong>humati</strong></span> <span class='ocrx_word' id='word_1_155' title='bbox 1233 3267 1332 3342; x_wconf 84' lang='lat' dir='ltr'><strong>erant,</strong></span> <span class='ocrx_word' id='word_1_156' title='bbox 1355 3281 1446 3329; x_wconf 90' lang='lat' dir='ltr'><strong>nemo</strong></span> <span class='ocrx_word' id='word_1_157' title='bbox 1467 3270 1574 3346; x_wconf 87' lang='lat' dir='ltr'><strong>posset</strong></span> <span class='ocrx_word' id='word_1_158' title='bbox 1595 3263 1722 3348; x_wconf 89' lang='lat' dir='ltr'><strong>imponi,</strong></span> <span class='ocrx_word' id='word_1_159' title='bbox 1745 3263 1932 3348; x_wconf 86' lang='lat' dir='ltr'><strong>superstites</strong></span> <span class='ocrx_word' id='word_1_160' title='bbox 1955 3262 2124 3332; x_wconf 86' lang='lat' dir='ltr'><strong>nonhabe</strong></span> 
     </span>
     <span class='ocr_line' id='line_1_24' title="bbox 492 3381 2120 3467; baseline -0.004 -15"><span class='ocrx_word' id='word_1_161' title='bbox 492 3387 579 3466; x_wconf 87' lang='lat' dir='ltr'><strong>bant,</strong></span> <span class='ocrx_word' id='word_1_162' title='bbox 601 3403 657 3452; x_wconf 90' lang='lat' dir='ltr'><strong>cur</strong></span> <span class='ocrx_word' id='word_1_163' title='bbox 679 3383 839 3450; x_wconf 73' lang='lat' dir='ltr'><strong>meletiani</strong></span> <span class='ocrx_word' id='word_1_164' title='bbox 862 3385 1056 3450; x_wconf 90' lang='lat' dir='ltr'><strong>mortuorum</strong></span> <span class='ocrx_word' id='word_1_165' title='bbox 1078 3385 1287 3449; x_wconf 81' lang='lat' dir='ltr'><strong>occurrerent</strong></span> <span class='ocrx_word' id='word_1_166' title='bbox 1321 3381 1505 3450; x_wconf 84' lang='lat' dir='ltr'><strong>Ceterarum</strong></span> <span class='ocrx_word' id='word_1_167' title='bbox 1520 3403 1594 3452; x_wconf 87' lang='lat' dir='ltr'><strong>vero</strong></span> <span class='ocrx_word' id='word_1_168' title='bbox 1610 3402 1688 3467; x_wconf 92' lang='lat' dir='ltr'><strong>quas</strong></span> <span class='ocrx_word' id='word_1_169' title='bbox 1704 3385 1896 3466; x_wconf 84' lang='lat' dir='ltr'><strong>antiquiores</strong></span> <span class='ocrx_word' id='word_1_170' title='bbox 1916 3401 1987 3452; x_wconf 86' lang='lat' dir='ltr'><strong>esse</strong></span> <span class='ocrx_word' id='word_1_171' title='bbox 2005 3383 2120 3450; x_wconf 88' lang='lat' dir='ltr'><strong>constat</strong></span> 
     </span>
     <span class='ocr_line' id='line_1_25' title="bbox 492 3500 2113 3588; baseline -0.006 -17"><span class='ocrx_word' id='word_1_172' title='bbox 492 3504 727 3588; x_wconf 88' lang='lat' dir='ltr'><strong>inscriptionum</strong></span> <span class='ocrx_word' id='word_1_173' title='bbox 751 3520 813 3569; x_wconf 93' lang='lat' dir='ltr'><strong>non</strong></span> <span class='ocrx_word' id='word_1_174' title='bbox 834 3519 953 3586; x_wconf 88' lang='lat' dir='ltr'><strong>paneae</strong></span> <span class='ocrx_word' id='word_1_175' title='bbox 975 3500 1038 3568; x_wconf 86' lang='lat' dir='ltr'><strong>tale</strong></span> <span class='ocrx_word' id='word_1_176' title='bbox 1060 3501 1179 3585; x_wconf 87' lang='lat' dir='ltr'><strong>aliquid</strong></span> <span class='ocrx_word' id='word_1_177' title='bbox 1201 3502 1368 3584; x_wconf 87' lang='lat' dir='ltr'><strong>praebent,</strong></span> <span class='ocrx_word' id='word_1_178' title='bbox 1391 3503 1599 3571; x_wconf 85' lang='lat' dir='ltr'><strong>recentiorum</strong></span> <span class='ocrx_word' id='word_1_179' title='bbox 1622 3510 1747 3586; x_wconf 88' lang='lat' dir='ltr'><strong>praeter</strong></span> <span class='ocrx_word' id='word_1_180' title='bbox 1769 3502 1822 3570; x_wconf 92' lang='lat' dir='ltr'><strong>illa</strong></span> <span class='ocrx_word' id='word_1_181' title='bbox 1844 3503 1985 3570; x_wconf 89' lang='lat' dir='ltr'><strong>carmina</strong></span> <span class='ocrx_word' id='word_1_182' title='bbox 2005 3520 2043 3568; x_wconf 88' lang='lat' dir='ltr'><strong>ne</strong></span> <span class='ocrx_word' id='word_1_183' title='bbox 2061 3515 2113 3564; x_wconf 87' lang='lat' dir='ltr'><strong>una</strong></span> 
     </span>
     <span class='ocr_line' id='line_1_26' title="bbox 493 3623 631 3707; baseline -0.022 -17"><span class='ocrx_word' id='word_1_184' title='bbox 493 3623 631 3707; x_wconf 87' lang='lat' dir='ltr'><strong>quidem.</strong></span> 
     </span>
    </p>

    <p class='ocr_par' dir='ltr' id='par_1_18' title="bbox 491 3734 2104 4188">
     <span class='ocr_line' id='line_1_27' title="bbox 595 3734 2104 3828; baseline -0.003 -19"><span class='ocrx_word' id='word_1_185' title='bbox 595 3743 685 3823; x_wconf 83' lang='lat' dir='ltr'><strong>Quod</strong></span> <span class='ocrx_word' id='word_1_186' title='bbox 708 3745 744 3808; x_wconf 89' lang='lat' dir='ltr'><strong>ut</strong></span> <span class='ocrx_word' id='word_1_187' title='bbox 765 3742 893 3809; x_wconf 86' lang='lat' dir='ltr'><strong>uberius</strong></span> <span class='ocrx_word' id='word_1_188' title='bbox 916 3740 1113 3823; x_wconf 85' lang='lat' dir='ltr'><strong>explicemus,</strong></span> <span class='ocrx_word' id='word_1_189' title='bbox 1136 3743 1252 3809; x_wconf 89' lang='lat' dir='ltr'><strong>omissa</strong></span> <span class='ocrx_word' id='word_1_190' title='bbox 1273 3742 1475 3827; x_wconf 82' lang='lat' dir='ltr'><strong>inscriptione</strong></span> <span class='ocrx_word' id='word_1_191' title='bbox 1497 3741 1755 3828; x_wconf 80' lang='lat' dir='ltr'><strong>Mediolanensi&#39;)</strong></span> <span class='ocrx_word' id='word_1_192' title='bbox 1778 3763 1797 3810; x_wconf 91' lang='lat' dir='ltr'><strong>a</strong></span> <span class='ocrx_word' id='word_1_193' title='bbox 1820 3745 1948 3812; x_wconf 89' lang='lat' dir='ltr'><strong>saeculo</strong></span> <span class='ocrx_word' id='word_1_194' title='bbox 1969 3742 2060 3818; x_wconf 85' lang='lat' dir='ltr'><strong>tertio,</strong></span> <span class='ocrx_word' id='word_1_195' title='bbox 2078 3734 2104 3800; x_wconf 85' lang='lat' dir='ltr'><strong>id</strong></span> 
     </span>
     <span class='ocr_line' id='line_1_28' title="bbox 491 3857 2098 3950; baseline 0.002 -20"><span class='ocrx_word' id='word_1_196' title='bbox 491 3862 575 3947; x_wconf 87' lang='lat' dir='ltr'><strong>quod</strong></span> <span class='ocrx_word' id='word_1_197' title='bbox 597 3863 722 3928; x_wconf 88' lang='lat' dir='ltr'><strong>litterae</strong></span> <span class='ocrx_word' id='word_1_198' title='bbox 743 3859 773 3924; x_wconf 88' lang='grc' dir='ltr'><em>Σ</em></span> <span class='ocrx_word' id='word_1_199' title='bbox 792 3858 893 3925; x_wconf 83' lang='lat' dir='ltr'><strong>forma</strong></span> <span class='ocrx_word' id='word_1_200' title='bbox 914 3858 1106 3942; x_wconf 86' lang='lat' dir='ltr'><strong>declaratur,</strong></span> <span class='ocrx_word' id='word_1_201' title='bbox 1137 3861 1287 3942; x_wconf 89' lang='lat' dir='ltr'><strong>oriunda,</strong></span> <span class='ocrx_word' id='word_1_202' title='bbox 1319 3881 1382 3945; x_wconf 89' lang='lat' dir='ltr'><strong>qna</strong></span> <span class='ocrx_word' id='word_1_203' title='bbox 1402 3868 1545 3930; x_wconf 89' lang='lat' dir='ltr'><strong>mortuus</strong></span> <span class='ocrx_word' id='word_1_204' title='bbox 1572 3861 1743 3928; x_wconf 83' lang='grc' dir='ltr'><em>καταλείπει</em></span> <span class='ocrx_word' id='word_1_205' title='bbox 1773 3861 1821 3949; x_wconf 79' lang='grc' dir='ltr'><strong>τῷ</strong></span> <span class='ocrx_word' id='word_1_206' title='bbox 1850 3863 1939 3928; x_wconf 81' lang='grc' dir='ltr'><em>δεῖνα</em></span> <span class='ocrx_word' id='word_1_207' title='bbox 1967 3857 2098 3950; x_wconf 61' lang='lat' dir='ltr'><strong>omrem</strong></span> 
     </span>
     <span class='ocr_line' id='line_1_29' title="bbox 492 3969 2095 4067; baseline 0.002 -22"><span class='ocrx_word' id='word_1_208' title='bbox 492 3989 538 4067; x_wconf 78' lang='grc' dir='ltr'><strong>τῷ</strong></span> <span class='ocrx_word' id='word_1_209' title='bbox 562 3981 663 4066; x_wconf 85' lang='grc' dir='ltr'><em>τύπῳ,</em></span> <span class='ocrx_word' id='word_1_210' title='bbox 690 3979 824 4061; x_wconf 90' lang='lat' dir='ltr'><strong>primum</strong></span> <span class='ocrx_word' id='word_1_211' title='bbox 847 3979 1049 4063; x_wconf 88' lang='lat' dir='ltr'><strong>proponimus</strong></span> <span class='ocrx_word' id='word_1_212' title='bbox 1072 3979 1197 4046; x_wconf 90' lang='lat' dir='ltr'><strong>titulum</strong></span> <span class='ocrx_word' id='word_1_213' title='bbox 1222 3981 1441 4067; x_wconf 80' lang='lat' dir='ltr'><strong>Achaicum,³)</strong></span> <span class='ocrx_word' id='word_1_214' title='bbox 1471 4003 1563 4067; x_wconf 91' lang='lat' dir='ltr'><strong>quern</strong></span> <span class='ocrx_word' id='word_1_215' title='bbox 1591 3969 1629 4050; x_wconf 84' lang='lat' dir='ltr'><strong>ex</strong></span> <span class='ocrx_word' id='word_1_216' title='bbox 1659 3981 1870 4067; x_wconf 86' lang='lat' dir='ltr'><strong>antiquiorum</strong></span> <span class='ocrx_word' id='word_1_217' title='bbox 1899 3997 2019 4048; x_wconf 86' lang='lat' dir='ltr'><strong>numeru</strong></span> <span class='ocrx_word' id='word_1_218' title='bbox 2039 3986 2095 4039; x_wconf 66' lang='lat'><strong>³⁸⁸0</strong></span> 
     </span>
     <span class='ocr_line' id='line_1_30' title="bbox 492 4087 2096 4188; baseline -0.001 -23"><span class='ocrx_word' id='word_1_219' title='bbox 492 4099 564 4166; x_wconf 86' lang='lat' dir='ltr'><strong>inde</strong></span> <span class='ocrx_word' id='word_1_220' title='bbox 579 4102 720 4182; x_wconf 80' lang='lat' dir='ltr'><strong>apparet,</strong></span> <span class='ocrx_word' id='word_1_221' title='bbox 736 4097 820 4181; x_wconf 86' lang='lat' dir='ltr'><strong>quud</strong></span> <span class='ocrx_word' id='word_1_222' title='bbox 835 4096 1021 4179; x_wconf 81' lang='lat' dir='ltr'><strong>superstites</strong></span> <span class='ocrx_word' id='word_1_223' title='bbox 1039 4099 1212 4185; x_wconf 81' lang='grc' dir='ltr'><em>Χριστιανοὶ</em></span> <span class='ocrx_word' id='word_1_224' title='bbox 1226 4098 1313 4178; x_wconf 86' lang='grc' dir='ltr'><em>ὄντες</em></span> <span class='ocrx_word' id='word_1_225' title='bbox 1328 4102 1376 4166; x_wconf 80' lang='grc' dir='ltr'><em>καὶ</em></span> <span class='ocrx_word' id='word_1_226' title='bbox 1392 4103 1443 4166; x_wconf 86' lang='grc' dir='ltr'><strong>τὸν</strong></span> <span class='ocrx_word' id='word_1_227' title='bbox 1459 4100 1534 4167; x_wconf 85' lang='grc' dir='ltr'><em>θεὸν</em></span> <span class='ocrx_word' id='word_1_228' title='bbox 1551 4101 1742 4188; x_wconf 75' lang='grc' dir='ltr'><em>φοβούμενοι</em></span> <span class='ocrx_word' id='word_1_229' title='bbox 1756 4101 1971 4182; x_wconf 80' lang='lat' dir='ltr'><strong>admonentur,</strong></span> <span class='ocrx_word' id='word_1_230' title='bbox 1990 4115 2022 4164; x_wconf 85' lang='lat' dir='ltr'><strong>ns</strong></span> <span class='ocrx_word' id='word_1_231' title='bbox 2038 4087 2096 4173; x_wconf 61' lang='lat' dir='ltr'><strong>(1¹1⁹ss</strong></span> 
     </span>
    </p>
   </div>
   <div class='ocr_carea' id='block_1_6' title="bbox 491 4215 1625 4396">
    <p class='ocr_par' dir='ltr' id='par_1_19' title="bbox 491 4215 1625 4396">
     <span class='ocr_line' id='line_1_31' title="bbox 491 4215 825 4301; baseline -0.009 -16"><span class='ocrx_word' id='word_1_232' title='bbox 491 4218 667 4301; x_wconf 88' lang='lat' dir='ltr'><strong>sepulcrum</strong></span> <span class='ocrx_word' id='word_1_233' title='bbox 690 4215 825 4300; x_wconf 90' lang='lat' dir='ltr'><strong>aperiat:</strong></span> 
     </span>
     <span class='ocr_line' id='line_1_32' title="bbox 1173 4305 1625 4396; baseline -0.029 -13"><span class='ocrx_word' id='word_1_234' title='bbox 1173 4305 1266 4393; x_wconf 63' lang='grc' dir='ltr'><strong><em>μήτις</em></strong></span> <span class='ocrx_word' id='word_1_235' title='bbox 1288 4307 1426 4396; x_wconf 80' lang='grc' dir='ltr'><em>τολμηση</em></span> <span class='ocrx_word' id='word_1_236' title='bbox 1450 4305 1569 4382; x_wconf 76' lang='grc' dir='ltr'><em>ἀνοῖξαι</em></span> <span class='ocrx_word' id='word_1_237' title='bbox 1591 4308 1625 4372; x_wconf 85' lang='grc' dir='ltr'><strong>τὸ</strong></span> 
     </span>
    </p>
   </div>
   <div class='ocr_carea' id='block_1_7' title="bbox 489 4422 2093 4993">
    <p class='ocr_par' dir='ltr' id='par_1_20' title="bbox 898 4422 1595 4514">
     <span class='ocr_line' id='line_1_33' title="bbox 898 4422 1595 4514; baseline 0.007 -29"><span class='ocrx_word' id='word_1_238' title='bbox 898 4422 1095 4511; x_wconf 73' lang='grc' dir='ltr'><em>κοιμητήριον</em></span> <span class='ocrx_word' id='word_1_239' title='bbox 1117 4426 1206 4489; x_wconf 84' lang='grc' dir='ltr'><em>τοῦτο</em></span> <span class='ocrx_word' id='word_1_240' title='bbox 1229 4425 1283 4514; x_wconf 79' lang='grc' dir='ltr'><strong>την</strong></span> <span class='ocrx_word' id='word_1_241' title='bbox 1306 4424 1402 4512; x_wconf 88' lang='grc' dir='ltr'><em>κρίσιν</em></span> <span class='ocrx_word' id='word_1_242' title='bbox 1425 4425 1458 4489; x_wconf 84' lang='grc' dir='ltr'><strong>ἐν</strong></span> <span class='ocrx_word' id='word_1_243' title='bbox 1482 4423 1527 4512; x_wconf 77' lang='grc' dir='ltr'><strong>τῷ</strong></span> <span class='ocrx_word' id='word_1_244' title='bbox 1550 4425 1595 4492; x_wconf 85' lang='grc' dir='ltr'><strong>τέ-</strong></span> 
     </span>
    </p>

    <p class='ocr_par' dir='ltr' id='par_1_21' title="bbox 489 4540 2093 4865">
     <span class='ocr_line' id='line_1_34' title="bbox 897 4540 1534 4631; baseline 0.005 -26"><span class='ocrx_word' id='word_1_245' title='bbox 897 4540 942 4606; x_wconf 88' lang='grc' dir='ltr'><strong>λει</strong></span> <span class='ocrx_word' id='word_1_246' title='bbox 965 4543 1019 4631; x_wconf 76' lang='grc' dir='ltr'><strong>την</strong></span> <span class='ocrx_word' id='word_1_247' title='bbox 1041 4542 1186 4630; x_wconf 77' lang='grc' dir='ltr'><em>φοβερὰν</em></span> <span class='ocrx_word' id='word_1_248' title='bbox 1209 4547 1262 4608; x_wconf 85' lang='grc' dir='ltr'><em>τοῦ</em></span> <span class='ocrx_word' id='word_1_249' title='bbox 1285 4541 1362 4608; x_wconf 82' lang='grc' dir='ltr'><em>θεοῦ</em></span> <span class='ocrx_word' id='word_1_250' title='bbox 1386 4543 1534 4620; x_wconf 85' lang='grc' dir='ltr'><em>δεδιότες.</em></span> 
     </span>
     <span class='ocr_line' id='line_1_35' title="bbox 490 4647 2093 4744; baseline 0.003 -18"><span class='ocrx_word' id='word_1_251' title='bbox 490 4660 604 4730; x_wconf 81' lang='lat' dir='ltr'><strong>Cetera</strong></span> <span class='ocrx_word' id='word_1_252' title='bbox 626 4661 658 4728; x_wconf 90' lang='lat' dir='ltr'><strong>in</strong></span> <span class='ocrx_word' id='word_1_253' title='bbox 682 4681 743 4729; x_wconf 94' lang='lat' dir='ltr'><strong>uno</strong></span> <span class='ocrx_word' id='word_1_254' title='bbox 767 4661 866 4730; x_wconf 90' lang='lat' dir='ltr'><strong>solum</strong></span> <span class='ocrx_word' id='word_1_255' title='bbox 890 4661 1077 4744; x_wconf 88' lang='lat' dir='ltr'><strong>antiquioris</strong></span> <span class='ocrx_word' id='word_1_256' title='bbox 1098 4663 1216 4729; x_wconf 87' lang='lat' dir='ltr'><strong>aetatis</strong></span> <span class='ocrx_word' id='word_1_257' title='bbox 1239 4663 1332 4730; x_wconf 87' lang='lat' dir='ltr'><strong>titulo</strong></span> <span class='ocrx_word' id='word_1_258' title='bbox 1355 4665 1413 4730; x_wconf 89' lang='lat' dir='ltr'><strong>Dei</strong></span> <span class='ocrx_word' id='word_1_259' title='bbox 1436 4663 1543 4731; x_wconf 89' lang='lat' dir='ltr'><strong>iudicii</strong></span> <span class='ocrx_word' id='word_1_260' title='bbox 1574 4662 1704 4730; x_wconf 83' lang='lat' dir='ltr'><strong>extremi</strong></span> <span class='ocrx_word' id='word_1_261' title='bbox 1727 4663 1843 4729; x_wconf 93' lang='lat' dir='ltr'><strong>mentio</strong></span> <span class='ocrx_word' id='word_1_262' title='bbox 1869 4661 1921 4728; x_wconf 87' lang='lat' dir='ltr'><strong>fir:</strong></span> <span class='ocrx_word' id='word_1_263' title='bbox 1944 4647 2093 4742; x_wconf 69' lang='lat' dir='ltr'><strong>Phrygit‘i</strong></span> 
     </span>
     <span class='ocr_line' id='line_1_36' title="bbox 489 4779 1596 4865; baseline 0.002 -18"><span class='ocrx_word' id='word_1_264' title='bbox 489 4798 581 4863; x_wconf 89' lang='lat' dir='ltr'><strong>quern</strong></span> <span class='ocrx_word' id='word_1_265' title='bbox 604 4779 665 4848; x_wconf 69' lang='lat' dir='ltr'><strong>um</strong></span> <span class='ocrx_word' id='word_1_266' title='bbox 690 4781 824 4849; x_wconf 89' lang='lat' dir='ltr'><strong>diximus</strong></span> <span class='ocrx_word' id='word_1_267' title='bbox 846 4801 866 4848; x_wconf 90' lang='lat' dir='ltr'><strong>a</strong></span> <span class='ocrx_word' id='word_1_268' title='bbox 888 4781 1022 4848; x_wconf 86' lang='lat' dir='ltr'><strong>Frauzio</strong></span> <span class='ocrx_word' id='word_1_269' title='bbox 1044 4781 1074 4846; x_wconf 92' lang='lat' dir='ltr'><strong>in</strong></span> <span class='ocrx_word' id='word_1_270' title='bbox 1097 4799 1292 4865; x_wconf 85' lang='lat' dir='ltr'><strong>paganorum</strong></span> <span class='ocrx_word' id='word_1_271' title='bbox 1315 4801 1446 4850; x_wconf 90' lang='lat' dir='ltr'><strong>numero</strong></span> <span class='ocrx_word' id='word_1_272' title='bbox 1469 4781 1596 4860; x_wconf 63' lang='lat' dir='ltr'><strong>referum</strong></span> 
     </span>
    </p>

    <p class='ocr_par' dir='ltr' id='par_1_22' title="bbox 895 4900 1674 4993">
     <span class='ocr_line' id='line_1_37' title="bbox 895 4900 1674 4993; baseline 0.003 -27"><span class='ocrx_word' id='word_1_273' title='bbox 895 4901 996 4989; x_wconf 80' lang='grc' dir='ltr'><em>ἑτέρῳ</em></span> <span class='ocrx_word' id='word_1_274' title='bbox 1020 4900 1056 4966; x_wconf 81' lang='grc' dir='ltr'><strong>δὲ</strong></span> <span class='ocrx_word' id='word_1_275' title='bbox 1077 4901 1180 4966; x_wconf 79' lang='grc' dir='ltr'><em>οὐδενί</em></span> <span class='ocrx_word' id='word_1_276' title='bbox 1201 4900 1324 4976; x_wconf 80' lang='grc' dir='ltr'><em>ἐξέσται</em></span> <span class='ocrx_word' id='word_1_277' title='bbox 1347 4901 1474 4992; x_wconf 77' lang='grc' dir='ltr'><em>τεθῆναι</em></span> <span class='ocrx_word' id='word_1_278' title='bbox 1491 4904 1590 4993; x_wconf 75' lang='grc' dir='ltr'><em>χωρίς</em></span> <span class='ocrx_word' id='word_1_279' title='bbox 1613 4907 1674 4968; x_wconf 86' lang='grc' dir='ltr'><strong>τῶν</strong></span> 
     </span>
    </p>
   </div>
   <div class='ocr_carea' id='block_1_8' title="bbox 492 4999 692 5011">
    <p class='ocr_par' dir='ltr' id='par_1_23' title="bbox 492 4999 692 5011">
     <span class='ocr_line' id='line_1_38' title="bbox 492 4999 692 5011; baseline 0.005 -1"><span class='ocrx_word' id='word_1_280' title='bbox 492 4999 692 5011; x_wconf 73' lang='lat'><em>—-—--—-</em></span> 
     </span>
    </p>
   </div>
   <div class='ocr_carea' id='block_1_9' title="bbox 590 5071 1689 5144">
    <p class='ocr_par' dir='ltr' id='par_1_24' title="bbox 590 5071 1689 5144">
     <span class='ocr_line' id='line_1_39' title="bbox 590 5071 1689 5144; baseline -0.001 -17"><span class='ocrx_word' id='word_1_281' title='bbox 590 5074 613 5144; x_wconf 91' lang='lat'><strong>¹)</strong></span> <span class='ocrx_word' id='word_1_282' title='bbox 631 5089 656 5127; x_wconf 87' lang='lat' dir='ltr'><strong>n.</strong></span> <span class='ocrx_word' id='word_1_283' title='bbox 668 5074 744 5129; x_wconf 76' lang='lat'><strong>9544.</strong></span> <span class='ocrx_word' id='word_1_284' title='bbox 896 5071 920 5138; x_wconf 80' lang='lat'><strong>¹)</strong></span> <span class='ocrx_word' id='word_1_285' title='bbox 938 5087 963 5126; x_wconf 88' lang='lat' dir='ltr'><strong>n.</strong></span> <span class='ocrx_word' id='word_1_286' title='bbox 976 5071 1052 5128; x_wconf 80' lang='grc'><em>9879.</em></span> <span class='ocrx_word' id='word_1_287' title='bbox 1206 5072 1229 5141; x_wconf 81' lang='lat'><strong>³)</strong></span> <span class='ocrx_word' id='word_1_288' title='bbox 1248 5087 1272 5125; x_wconf 92' lang='lat' dir='ltr'><strong>n.</strong></span> <span class='ocrx_word' id='word_1_289' title='bbox 1285 5073 1361 5128; x_wconf 79' lang='grc'><em>9998.</em></span> <span class='ocrx_word' id='word_1_290' title='bbox 1513 5075 1536 5142; x_wconf 81' lang='lat'><strong>⁴)</strong></span> <span class='ocrx_word' id='word_1_291' title='bbox 1553 5089 1578 5127; x_wconf 90' lang='lat' dir='ltr'><strong>n.</strong></span> <span class='ocrx_word' id='word_1_292' title='bbox 1591 5075 1659 5129; x_wconf 75' lang='grc'><em>3909</em></span> <span class='ocrx_word' id='word_1_293' title='bbox 1668 5088 1689 5128; x_wconf 87' lang='lat' dir='ltr'><strong>r.</strong></span> 
     </span>
    </p>
   </div>
   <div class='ocr_carea' id='block_1_10' title="bbox 0 0 2378 6518">
    <p class='ocr_par' dir='ltr' id='par_1_25' title="bbox 0 0 2378 6518">
     <span class='ocr_line' id='line_1_40' title="bbox 0 0 2378 6518; baseline 0 0"><span class='ocrx_word' id='word_1_294' title='bbox 0 0 2378 6518; x_wconf 95' lang='lat' dir='ltr'><strong> </strong></span> 
     </span>
    </p>
   </div>
  </div>
 </body>
</html>
