4748 6524
1332 618 1353 684 8

526 828 608 892 enirn
630 845 706 892 vooe
727 843 790 890 uon
811 824 989 906 sepulerum
1014 821 1226 904 significatur,
1253 826 1309 890 sed
1334 825 1405 907 ipsa
1428 824 1601 906 sepeliendi
1630 827 1728 904 actio,
1756 826 1954 908 depositio,
1999 845 2144 908 meque
2170 823 2268 890 adbi-

525 949 618 1016 bctar
638 946 819 1028 κατάθεσις,
846 947 878 1012 id
899 947 984 1029 quod
1011 945 1052 1012 ud
1081 947 1210 1012 uerbum
1237 963 1362 1027 qnoque
1388 941 1583 1008 καταθέσθαι
1610 944 1844 1018 adnotavimus,
1869 945 1951 1010 nisi
1989 945 2049 1010 ad
2087 941 2268 1010 delinien-

524 1084 599 1150 dum
624 1089 748 1166 tempus
773 1082 971 1165 sepulturam
1000 1083 1087 1150 velut
1103 1080 1270 1154 κατάθεαις
1299 1079 1477 1164 Πριρκιπίαα
1504 1081 1566 1164 πρὸ
1588 1066 1793 1153 {telandria
1815 1079 2075 1162 Ὀκτωβρίων,
2112 1078 2264 1142 θεαδώ-

522 1241 584 1306 ρας
599 1221 660 1304 πρὸ
678 1205 821 1282 deicidae
848 1216 1121 1303 Σεπτεμβρίων,1)
1144 1217 1327 1300 pariterque
1348 1218 1380 1282 in
1402 1216 1495 1281 naulo
1522 1214 1729 1302 Corcyraeo&
1749 1219 1830 1302 μετὰ
1857 1219 2047 1309 τελευτὴν
2087 1219 2157 1284 καὶ
2200 1221 2262 1306 τὴν

523 1339 557 1404 ἐν
580 1341 672 1426 τάφῳ
694 1337 782 1402 θέσιν
804 1338 910 1405 verbis
933 1337 1104 1420 sepeliendi
1127 1337 1210 1402 aetio
1239 1335 1444 1420 significatur.
1488 1333 1546 1400 Cui
1569 1337 1614 1401 rei
1643 1339 1696 1420 qni
1726 1338 1811 1404 solus
1838 1339 1984 1405 videtur·
2023 1359 2262 1424 repugnare

524 1459 635 1526 titulus
657 1459 863 1540 Romanusz')

685 1641 1271 1720 ΚΥΡΙΑΚΗΤΗΓΛΥΤΑΤΗ

916 1752 1045 1808 Columba

634 1847 1177 1920 electrannum
1203 1848 1322 1920 ΠΡΟ

526 2055 621 2120 quem
636 2035 848 2104 Kirchhoffius
862 2037 941 2119 legit
956 2035 1094 2124 Koprnrp
1110 2035 1152 2124 τῇ
1166 2038 1337 2127 γλυκυτάτη
1354 2039 1523 2114 κατάθεσις
1538 2041 1571 2102 ἐν
1593 2059 1679 2122 paee.
1704 2037 1833 2128 ’ἄησιν
1855 2039 1910 2130 ἔτι)
1928 2030 1979 2106 ῙεῘ
2010 2041 2106 2128 Πρὸ
2123 2047 2220 2126 μιᾶς

525 2173 623 2240 εἰδῶν
646 2173 807 2260 Μαρτίων,
835 2175 863 2240 si
885 2173 978 2240 aliter
999 2173 1103 2240 verbis
1125 2173 1240 2241 iunctis
1262 2175 1412 2258 legimus:
1444 2173 1587 2263 Καριακῇ
1609 2177 1647 2263 τῇ
1670 2177 1851 2264 floruerit-pp.
1889 2172 2022 2264 Ἔζησεν
2052 2177 2123 2266 ἔτι]
2148 2166 2209 2243 lie]
2336 2218 2340 2227 ·

523 2294 700 2368 Κατάϋεαις
714 2293 748 2357 ἐν
769 2313 846 2377 pace
868 2294 929 2378 πρὸ
949 2297 1023 2377 μιᾶς
1046 2293 1139 2356 εἰδῶν
1166 2293 1321 2380 Μαρτίων,
1344 2315 1475 2378 prorsus
1498 2299 1657 2362 consentit
1678 2297 1791 2365 ceteris
1813 2301 1867 2380 qui
1890 2298 2062 2373 κατάθευις
2091 2319 2197 2367 voca·
2328 2238 2339 2405 )

523 2413 630 2480 bulum
648 2414 836 2496 exhibent⁴>
864 2413 957 2479 Asiae
972 2430 1045 2478 vero
1062 2415 1202 2493 gentium
1219 2411 1353 2478 Galatae
1369 2412 1465 2490 θέσις,
1488 2415 1603 2482 Cilices
1615 2415 1694 2504 θήκη
1713 2419 1863 2485 vocabulo
1878 2419 2008 2485 maxime
2024 2427 2197 2501 utuntur,

524 2551 603 2614 quae
625 2551 718 2600 voces
740 2539 904 2616 praeterea
930 2533 962 2597 in
985 2532 1108 2597 duobus
1130 2531 1232 2596 solum
1254 2531 1400 2614 Asiae‚³)
1428 2541 1580 2616 quattuor
1600 2535 1747 2618 Europae
1770 2539 1871 2604 titulis
1892 2545 2024 2604 exstant.
2068 2537 2188 2603 Euro-

524 2671 673 2736 paeornm
696 2653 854 2719 tamenin
881 2652 975 2736 nuo⁶)
1004 2649 1084 2739 θήκη
1114 2669 1174 2716 vox
1202 2651 1247 2716 itu
1275 2657 1428 2734 usurpata
1456 2661 1520 2732 est,
1549 2661 1585 2718 ut
1612 2653 1755 2720 cellulam
1779 2655 1929 2736 significet
1957 2655 2184 2736 oppositaque
2348 2655 2349 2658 ’

524 2773 566 2837 sit
588 2773 646 2838 totl
668 2773 821 2855 sepulcro,
845 2773 876 2836 iu
899 2789 961 2854 quo
984 2771 1046 2836 duo
1070 2769 1211 2835 homines
1233 2769 1357 2835 iaceant
1380 2769 1414 2833 ἐν
1435 2771 1506 2834 δυσὶ
1528 2771 1638 2858 θήκαις
1660 2773 1722 2861 ῖθίςι
1744 2775 1876 2857 ἑκάστῳ,
1904 2771 2070 2854 alteruml)
2093 2771 2177 2854 ipse

524 2889 737 2958 Kirchboliins
760 2911 830 2956 cnm
857 2891 1012 2956 Asiaticae
1034 2890 1165 2970 originis
1187 2889 1337 2955 indicium
1360 2892 1520 2973 praebeat,
1543 2911 1581 2958 ex
1604 2893 1679 2957 Asia
1700 2889 1996 2973 constaminopollm
2019 2890 2170 2958 oblatum

525 3029 595 3078 esse
610 3017 726 3089 censet,
748 3016 844 3091 atque
859 3009 953 3074 etiam
976 3007 1121 3090 tertius⁸)
1146 3009 1276 3075 Athonis
1300 3017 1445 3092 repertus
1468 3029 1537 3076 oum
1560 3019 1689 3094 propter
1711 3009 1795 3084 θέσις
1816 3029 1921 3076 vocem
1944 3017 2014 3075 tum
2035 3019 2173 3094 propter

523 3129 653 3196 verbum
668 3127 839 3214 διαφέρειν,
862 3125 1174 3210 qnodilircbbollius
1191 3127 1338 3194 alitteris
1355 3129 1445 3195 valde
1467 3131 1604 3197 corrosis
1626 3134 1765 3210 coniecit
1788 3133 1856 3197 sine
1878 3131 1943 3196 nlla
1966 3132 2166 3200 dubitatione

523 3267 561 3315 ex
591 3247 666 3314 Asia
692 3249 832 3313 Athenas
860 3251 1093 3328 transportatus
1119 3253 1179 3311 est.
1227 3247 1393 3332 Διαφέρειι
1421 3248 1503 3314 enim
1532 3251 1716 3316 vocabulum
1744 3267 1813 3316 cum
1842 3258 1970 3332 praeter
1998 3271 2052 3317 eos
2083 3271 2162 3333 quos

524 3367 661 3434 diximus
676 3365 805 3434 Ciliciae
827 3373 859 3433 et
873 3363 983 3450 Syriae
1006 3367 1114 3431 titulos
1136 3366 1317 3450 similesque
1339 3369 1477 3434 eiusdem
1501 3388 1585 3448 orae,
1609 3371 1639 3436 in
1662 3371 1775 3454 quibus
1798 3387 1867 3436 cnm
1891 3367 1973 3458 θήκη
1997 3389 2071 3439 vooe
2091 3391 2159 3439 con·

523 3488 662 3554 iunctum
685 3493 748 3562 eet,
769 3487 902 3570 (pariter
924 3487 954 3551 in
978 3484 1196 3551 Ciliciensibus
1218 3488 1363 3568 genetivo
1386 3489 1545 3569 apposito,
1573 3490 1605 3554 in
1628 3489 1720 3571 Syria
1742 3490 1860 3572 dativo)
1883 3491 1932 3556 bia
1954 3489 2053 3556 solnm
2074 3509 2154 3572 repe

523 3607 624 3672 riatur
639 3605 670 3670 in
689 3603 788 3672 titulis
805 3604 963 3688 Ephesius
979 3611 1011 3671 et
1026 3602 1238 3687 Smyrnaeo,⁹)
1261 3605 1355 3672 Asiae
1371 3607 1529 3686 peculiare
1544 3627 1613 3673 esse
1628 3611 1705 3672 satis
1719 3618 1862 3690 apparet.
1896 3611 2055 3690 Quodcum
2069 3628 2151 3690 qnar-

524 3733 593 3792 tnm
613 3725 739 3792 illorum
762 3733 1041 3804 monumentorum,
1065 3722 1498 3808 Constantinopolitanum,¹⁰)
1522 3727 1664 3807 praebet:
1694 3725 1777 3813 θήκη
1801 3727 2001 3814 διαφέρουσα
2022 3727 2144 3812 Ἰωάννῃ,

525 3845 593 3911 deri
620 3865 681 3910 non
705 3852 809 3925 potest
828 3845 905 3927 quin
920 3843 1112 3912 Kirobhoilio
1135 3845 1330 3910 subscribam
1353 3844 1435 3910 huuc
1457 3863 1582 3928 qnoque
1604 3843 1731 3910 titulum
1757 3845 1908 3914 Asiaticis
1928 3844 2138 3915 adnumerauti;

529 3983 732 3997 w

625 4054 648 4117 1)
664 4053 779 4108 asaro.
797 4047 831 4104 cd
848 4065 873 4104 n.
891 4051 967 4106 9598.
991 4051 1067 4104 9649.
1091 4050 1167 4102 9661.
1191 4051 1267 4106 9660.
1291 4051 1366 4104 9663.
1390 4051 1466 4104 9831.
1603 4048 1626 4114 ²>
1643 4053 1758 4104 u.9438.
1895 4051 1918 4120 ³)
1936 4052 2048 4106 169619.

524 4139 548 4205 ⁴)
566 4135 645 4206 Quod
662 4137 866 4192 Bollermauuus
882 4135 928 4190 li
946 4151 972 4204 p.
984 4140 1016 4189 41
1035 4133 1206 4188 Ambrosium
1223 4141 1331 4188 secutus
1343 4133 1537 4202 depositionem
1549 4149 1608 4188 essa
1621 4150 1673 4187 non
1686 4133 1758 4188 illam
1771 4133 1880 4202 indicat,
1898 4149 1983 4202 »qnae
1999 4129 2139 4202 sepeliendis

525 4221 553 4277 iu
570 4229 643 4277 tarra
660 4222 839 4276 membrorum
858 4219 977 4289 reliqniis
994 4218 1151 4273 elericorum
1169 4217 1290 4272 manibus
1308 4225 1476 4287 procuretur,
1495 4219 1542 4272 sed
1560 4217 1641 4284 illam,
1660 4233 1714 4286 qna
1730 4219 1810 4272 homo
1829 4217 1937 4272 rimandis
1948 4217 2092 4270 carnalibus
2102 4215 2139 4269 ab

527 4306 630 4361 solutus
647 4307 714 4362 liber
732 4308 820 4362 iturum
837 4303 872 4360 ad
888 4305 991 4361 eoelum
1010 4311 1146 4358 terrenum
1164 4321 1261 4374 corpus
1279 4313 1429 4374 exponat«,
1451 4305 1544 4361 neseio
1562 4321 1598 4360 aa
1615 4303 1647 4358 V.
1666 4303 1705 4358 cl
1723 4305 1841 4372 grauiter
1862 4301 1997 4359 amaverit
2032 4301 2139 4368 Quamuis

528 4389 598 4446 enim
616 4391 702 4448 iacete
720 4387 1085 4458 AmbrosiualSe'rra.XV1.)
1103 4391 1174 4444 hunc
1191 4406 1298 4445 sensum
1316 4390 1464 4445 subdiderit
1482 4392 1541 4446 roci
1559 4390 1690 4460 depositio
1709 4389 1765 4444 sive
1783 4392 1937 4452 surridens,
1955 4393 2044 4441 manen
2061 4387 2135 4440 iano

526 4477 660 4534 numantia
678 4493 729 4532 nou
747 4485 875 4541 mortem,
893 4477 939 4532 aed
955 4479 1041 4545 ipsam
1059 4475 1224 4544 sepulturam
1242 4490 1275 4528 ea
1292 4473 1437 4544 significari
1455 4477 1608 4531 testimonio
1626 4479 1688 4530 eunt
1706 4475 1792 4537 tituli,
1817 4491 1884 4544 quos
1900 4473 1962 4527 dixi
1999 4471 2063 4526 Nam
2078 4468 2133 4538 qood

526 4579 652 4650 legimus:
682 4575 825 4650 Εὔτρυιτος
843 4579 871 4630 ὃν
896 4579 999 4652 ιὶρὴνῃ.
1040 4575 1101 4638 Υἱὸς
1124 4577 1257 4647 ἐποίησεν.
1294 4573 1451 4640 Κατάθεσις
1473 4567 1710 4648 πρὸῖκαλανθῶν
1731 4573 1926 4646 Σεπτεμβρίκιιν
1944 4579 1980 4644 (m
1993 4577 2066 4638 9698)
2084 4575 2131 4624 tut:

526 4679 616 4754 Μητρὶ
634 4681 756 4753 Λυακάνρ
776 4679 893 4734 rivoalto
909 4683 1036 4753 θυγάτηρ
1060 4682 1196 4751 ἐποίησιν.
1231 4677 1389 4741 Κατάθεσις
1413 4683 1466 4751 πρὶν
1482 4669 1653 4742 fralusanin
1679 4679 1849 4748 Ὀκτωβρίων
1872 4682 1907 4746 (n.
1922 4679 2012 4742 9660).
2036 4689 2088 4727 curn
2105 4671 2133 4727 ad

527 4767 651 4839 θιιαίησιυ
670 4767 848 4837 supplendum
866 4765 902 4820 sit
919 4772 1051 4838 μιημιῖαν
1070 4767 1112 4822 eal
1128 4765 1234 4834 βόθρον
1253 4766 1295 4820 vel
1313 4766 1398 4819 simile
1416 4765 1531 4834 aliquid,
1554 4766 1717 4830 κατάθεσις,
1741 4765 1814 4833 qnod
1831 4763 1918 4818 atatim
1936 4757 2089 4826 insequitur,
2107 4759 2133 4814 da

526 4853 620 4908 lunera
638 4853 738 4908 dictum
757 4867 815 4908 esse
835 4849 909 4906 haud
925 4851 1003 4906 iacile
1022 4853 1162 4920 quisquam
1180 4851 1328 4920 negaverit.
1431 4854 1454 4922 Ι)
1473 4869 1498 4906 n.
1511 4855 1586 4908 9999.
1604 4855 1680 4906 9266.
1766 4850 1917 4918 9169998.
2001 4843 2131 4910 999446.

526 4939 550 5007 ⁸)
566 4955 593 4994 n.
612 4941 689 4996 9997.
838 4938 862 5003 ⁹)
879 4951 906 4990 n.
922 4939 1001 4993 99761
1025 4939 1113 5008 ἡρῷον
1138 4937 1265 5006 διαφέρον
1285 4933 1479 5007 Ιιύνσταντὲνῳ
1495 4944 1539 4992 oet
1555 4953 1581 4990 n.
1599 4938 1680 4990 9281:
1704 4933 1772 5004 αὕτη
1791 4935 1808 5006 ἡ
1826 4931 1906 5000 σορὸς
1922 4928 2051 4997 διαφέρει
2067 4925 2149 4988 dolo,

526 5022 624 5094 κάρτῳ
642 5029 692 5077 cet.
807 5025 842 5092 ¹⁰)
860 5039 886 5077 n.
898 5025 974 5076 9946.
