4748 6524
1029 781 1070 844 29

202 993 452 1056 videturesse
474 987 603 1066 saeculi,
627 985 765 1051 {saucius
788 991 893 1050 aretem
917 985 946 1048 in
972 991 1180 1059 monumento,
1204 983 1286 1066 quod
1310 981 1424 1048 saeculi
1441 982 1565 1063 septimi
1582 979 1670 1046 initio
1686 979 1793 1046 fratris
1806 979 1870 1044 filio

205 1111 351 1192 posuit:
381 1107 456 1188 ἄνω,
479 1105 611 1190 inquit¹)

646 1261 685 1273 -·
728 1259 769 1272 -·
813 1261 854 1273 -
900 1226 978 1311 πρὸς
1001 1226 1035 1288 τὸ
1058 1222 1144 1288 θεῖον
1166 1225 1185 1310 ῆ
1209 1223 1291 1311 ψύχη
1312 1220 1399 1305 μένει

644 1341 787 1406 ποθοῦσα
811 1347 880 1429 φῶς
903 1341 1079 1428 ἄφθαρτον,
1103 1343 1121 1404 ὃ
1145 1345 1267 1428 τρανῶς
1288 1338 1398 1422 βλέπει

645 1464 678 1526 τὸ
701 1465 760 1527 πᾶν
780 1461 882 1549 ῥύπος
905 1464 1049 1545 φυγοῦσα
1072 1465 1127 1547 τῆς
1149 1459 1314 1545 ἁμαρτίας.

225 1582 390 1664 Georgius
412 1581 546 1664 denique
562 1582 813 1664 archiepiscopus
829 1589 961 1648 exeunte
977 1583 1102 1648 saeculo
1119 1582 1302 1648 duodecimo
1320 1575 1573 1660 commemorat²)
1589 1595 1664 1644 suos
1679 1575 1873 1660 στεναγμούς

229 1709 267 1770 et
290 1701 454 1790 ἱκετηρίας,

645 1819 689 1883 δι’
711 1819 756 1883 ὧν
779 1817 855 1894 θεὸς
877 1819 987 1884 δίδωσι
1010 1820 1132 1908 εὐμαρῆ
1154 1819 1239 1884 λύσιν

644 1941 780 2025 δεσμῶν,
803 1942 899 2015 ὅσους
922 1939 1081 2004 πλέκουσιν
1104 1943 1135 2004 αἱ
1157 1939 1310 2028 πονηρίαι.

232 2079 273 2128 ac
295 2060 344 2127 vel
366 2061 397 2127 in
420 2061 512 2127 titulo
534 2059 588 2127 illo
611 2059 775 2128 Barberini
797 2067 936 2142 reperto,
966 2079 1027 2142 quo
1050 2061 1172 2144 pueruli
1195 2059 1357 2126 cuiusdam
1381 2063 1511 2125 mortem
1541 2057 1746 2122 immoderate
1768 2053 1874 2136 deplo-

233 2181 300 2245 rari
322 2179 427 2262 paullo
450 2185 523 2246 ante
546 2179 781 2260 ostendimns‚⁸)
813 2178 980 2246 defunctus
1004 2181 1117 2246 dicitur
1139 2180 1257 2266 οἰκῆσαι
1281 2179 1398 2262 τύμβον
1421 2178 1547 2263 φεύγων
1571 2177 1624 2251 τὰς
1646 2173 1807 2260 ἁμαρτίας.

341 2299 458 2364 Deinde
481 2305 611 2364 mortem
635 2297 773 2364 omnium
796 2299 936 2364 laborum
961 2298 1237 2379 molestiarumque
1259 2296 1351 2363 finem
1374 2297 1477 2362 iecere
1500 2298 1612 2362 docent
1633 2295 1662 2361 ei
1684 2312 1763 2375 qnos
1778 2311 1875 2376 supra

237 2416 772 2498 pmmmmmdmifflmmm:

646 2537 665 2624 η
689 2535 786 2599 πολλὰ
807 2535 1010 2622 άχρνπνοῦσα
1033 2539 1086 2600 νῦν
1109 2534 1212 2610 εὕδεις
1234 2532 1445 2620 ἀμέριμνοςῤ)

238 2653 498 2738 Syracusanus‚⁶)
521 2673 584 2737 qno
606 2652 812 2737 cyriacetis
834 2654 935 2721 fertur
957 2661 1086 2738 propter
1108 2653 1240 2728 ἀλύτους
1262 2655 1419 2738 καμάτους
1441 2652 1565 2742 αλτῆται
1585 2651 1658 2736 βλυυ
1681 2650 1775 2731 λύυιυ,
1799 2649 1876 2718 Gor-

239 2773 421 2856 cyraeus,⁶)
456 2790 518 2854 quo
549 2773 735 2857 κατάπαυμα
769 2777 831 2836 τῶν
861 2777 992 2858 μακρῶν
1024 2771 1126 2836 πύνιυν
1155 2791 1240 2840 mors
1270 2771 1461 2856 appellatum
1495 2777 1591 2853 atque
1621 2770 1716 2836 etiam
1746 2771 1877 2854 inscrip

239 2890 333 2956 tionis
349 2891 507 2956 Romanae
521 2910 552 2956 n.
570 2891 654 2957 9840
677 2891 771 2956 vaide
792 2891 955 2957 mutilatae
977 2891 1123 2958 extremis
1145 2891 1250 2958 verbis
1263 2937 1271 2954 .
1284 2938 1313 2955 ..
1336 2891 1441 2976 ὥςπερ
1463 2889 1573 2981 ἤλπισε
1592 2891 1696 2958 neseio
1711 2909 1751 2957 an
1766 2889 1876 2954 similis

239 3009 396 3076 sententia
416 3008 508 3075 insit:
536 3009 690 3094 virginem
713 3027 867 3092 sperasse,
890 3010 1106 3093 aegrotatione
1127 3027 1197 3076 sese
1217 3008 1382 3076 liberatum
1405 3009 1454 3075 iri.
1488 3011 1577 3091 Quae
1598 3028 1673 3077 vero
1687 3009 1720 3075 in
1737 3009 1876 3091 Agathcs

240 3129 403 3194 cniusdam
426 3135 628 3196 monumento
637 3129 662 3212 τ)
686 3133 812 3195 exstant
835 3129 943 3195 verba:
965 3127 1059 3218 χάρις
1081 3125 1118 3193 ού
1139 3135 1187 3214 τῷ
1209 3126 1315 3214 Κυρίῳ
1338 3125 1458 3215 καὶτῷ
1480 3126 1617 3216 Χριστῷ,
1647 3135 1704 3195 aut
1732 3130 1778 3195 ita
1796 3128 1875 3195 acci·

240 3248 355 3332 piende
368 3253 452 3328 sunt,
474 3252 511 3314 nt
525 3247 596 3314 Deo
611 3249 731 3330 gratias
745 3247 799 3330 agi
812 3255 968 3332 putemus,
989 3245 1072 3332 quod
1087 3247 1248 3315 mulierem
1263 3249 1426 3331 sexaginta
1441 3267 1540 3316 annos
1556 3254 1663 3316 nutam
1678 3248 1877 3329 morboque

240 3365 312 3432 dam
335 3365 483 3432 diuturno
505 3365 696 3446 liberaverit,
720 3371 776 3431 aut
797 3367 837 3432 de
858 3368 923 3433 vite
944 3375 1074 3434 aeterna
1096 3366 1179 3433 iacta
1201 3373 1284 3432 sunt.

344 3483 478 3550 Maxime
507 3484 589 3550 enim
615 3483 687 3552 ideo
710 3503 793 3552 mors
816 3491 997 3570 exoptatur,
1026 3487 1109 3570 quod
1136 3485 1213 3554 caeli
1243 3485 1334 3570 quasi
1356 3485 1477 3552 aditum
1499 3483 1679 3568 patefaciat.
1729 3485 1877 3568 Quisquis

242 3603 339 3686 igitur
361 3603 492 3669 honeste
513 3622 548 3670 se
562 3603 676 3670 vixisse
691 3605 797 3683 sentit,
820 3605 1002 3686 nonhabet,
1024 3623 1080 3672 cur
1095 3607 1204 3672 timeat
1226 3610 1367 3683 mortem,
1390 3605 1484 3670 immo
1506 3621 1581 3670 vero
1595 3603 1677 3670 laete
1697 3609 1879 3686 exspectare

243 3728 356 3804 potest.
401 3719 513 3802 Itaque
536 3721 715 3790 Boniineins
738 3722 790 3788 ilie
812 3725 902 3791 cuius
923 3725 985 3790 ianr
1008 3725 1196 3791 mentionem
1217 3721 1395 3805 ieoimus⁸):

651 3845 750 3922 πᾶσιν,
773 3843 883 3924 inquit,
907 3844 979 3932 ημῖν
1002 3847 1065 3917 τοῖς
1087 3841 1237 3906 ποθοῦσιν

653 3962 736 4051 ζωῆς
756 3959 884 4026 αἰωνίου
907 3966 1006 4050 τυχεῖν
1029 3959 1225 4047 πρνςιιεάσιλω
1248 3963 1297 4026 καὶ
1318 3964 1337 4051 a)
1362 3965 1416 4050 τῆς

652 4079 809 4168 ὑπομονῆς
832 4082 951 4166 πρᾶξις,
974 4074 1021 4144 δι”
1037 4081 1075 4171 ῆς
1097 4083 1145 4145 καὶ
1168 4081 1271 4146 πολλοὶ
1294 4083 1378 4169 ζωῆς
1400 4077 1546 4167 οὐρανίου
1569 4079 1687 4170 ἔτυχον.

646 4189 738 4264 Ὅθεν
761 4199 846 4283 κάγὼ
870 4201 887 4262 ὁ
911 4201 1038 4284 πάμπαν
1060 4200 1245 4286 ἁμαρτωλὸς
1268 4200 1410 4289 ηὐξάμην
1433 4203 1486 4264 τοῦ
1507 4199 1580 4284 βίον

654 4319 763 4384 τούτου
786 4323 840 4409 τῆν
863 4317 1023 4404 παροινίαν
1046 4319 1149 4408 τάχιον
1172 4319 1316 4405 ἐκφυγεῖν
1339 4318 1390 4382 καί
1410 4341 1447 4399 γε
1469 4313 1559 4393 ειλξά-

651 4457 748 4514 μενος
770 4437 880 4502 τούτου
902 4435 1024 4527 ἔτυχον·

248 4557 449 4639 saepiusque,
477 4557 532 4640 qui
553 4557 619 4622 uita
641 4555 779 4623 defuncti
801 4561 890 4635 sunt,
917 4556 1064 4623 dicuntur
1086 4557 1149 4624 iam
1171 4557 1307 4624 irnctum
1330 4563 1457 4625 sanctae
1480 4557 1563 4624 vitae
1591 4557 1766 4640 percipere,
1793 4557 1880 4624 velut

249 4674 340 4742 titulo
363 4673 578 4758 Atheniensi⁰)
600 4675 692 4742 homo
714 4675 841 4756 quidam
865 4675 1027 4742 laudatur:

655 4797 690 4860 τὸ
712 4797 773 4879 γὰρ
796 4795 894 4883 χέρας
916 4795 1034 4882 τρόπον
1056 4817 1093 4880 χε
1116 4799 1169 4860 τοῦ
1187 4797 1330 4886 χρηστοῦ
1352 4798 1456 4886 λάχεν,

258 4940 452 4962 Ἦ

351 5061 375 5127 1)
392 5077 417 5118 ιι.
430 5068 507 5122 9870.
626 5064 651 5134 ¹)
667 5080 693 5120 ιι.
705 5067 780 5120 9438.
899 5065 923 5131 λ)
941 5066 1056 5120 ames.
1176 5069 1199 5132 ⁴)
1216 5067 1330 5123 nutet.
1451 5069 1474 5134 ⁶)
1490 5071 1606 5124 Μῶα
1707 5069 1747 5138 ,6)
1764 5072 1878 5126 mum

253 5142 401 5208 unam
504 5149 659 5218 numm
760 5149 919 5218 numm
1900 5183 1905 5194 .
