4748 6524
1025 769 1064 830 41

632 963 760 1051 Ἅγατος
781 967 950 1054 Ἀργολικὸς
971 971 1077 1058 ἑαυτῷ
1098 973 1146 1034 καί
1169 973 1284 1056 Ἀγάτῳ

633 1083 782 1174 Ῥονφίνιμ
805 1089 937 1174 ἀδελφῷ
960 1092 1093 1164 καὶτοῖς
1116 1089 1202 1164 ἰδίοις
1227 1089 1412 1178 ἐποίησενλ)

125 1204 298 1272 ibidem:
641 1207 790 1294 Αὐρήλιος
812 1209 919 1292 ἰατρὸς
940 1207 1002 1270 άπὸ
1014 1256 1021 1270 .
1034 1253 1063 1272 ..
1087 1209 1188 1296 κοίλης

637 1322 755 1409 Συρίας
777 1328 885 1388 τοῦτον
908 1329 961 1390 τὸν
983 1326 1101 1410 τύμβον
1123 1327 1253 1415 ἐποίησα
1275 1325 1385 1416 ἑαυτῷ

637 1444 672 1507 ἐκ
693 1449 755 1508 τῶν
777 1445 862 1508 ἰδίων
882 1469 947 1528 μον
970 1445 1156 1530 καμάτων.’)

153 1563 167 1590 “
273 1563 458 1630 Praeter
481 1564 559 1630 baec
581 1564 771 1630 creberrima
793 1564 958 1630 titulorum
981 1585 1097 1647 genera
1119 1569 1258 1632 nonnulli
1281 1569 1442 1650 singulare
1464 1569 1582 1653 aliquid
1606 1573 1759 1654 praebent
1780 1575 1867 1640 velut

152 1681 260 1763 quod
287 1682 449 1749 Romae
473 1681 585 1749 mulier
607 1684 721 1748 nutrici
744 1683 906 1750 collocavit
928 1687 1210 1770 monumentnmtl)

637 1801 766 1867 Ἐνιίάιίε
788 1803 942 1868 Πανλείνιι
966 1810 1060 1869 κεῖται
1079 1809 1233 1893 μακάρων
1256 1808 1298 1872 aa
1316 1809 1418 1898 χώρῳ

637 1924 674 2010 ήν
697 1923 831 2008 κήδεοσε
853 1923 990 1996 Hardea.
1013 1927 1068 2014 ἑήν
1091 1925 1280 2012 θρέπτειραν

637 2043 799 2130 γλοιιερήν,
822 2042 910 2124 ἁγίαν
932 2045 965 2106 ἐν
990 2043 1126 2130 Χριστῷ.

187 2163 299 2242 alque
316 2159 503 2240 inscriptio
518 2179 556 2226 en
571 2162 679 2226 eodem
695 2160 856 2227 Priscillae
871 2163 1058 2229 coemeterio
1073 2163 1195 2242 effossa,
1211 2185 1304 2247 quam
1321 2171 1452 2246 patrono
1468 2185 1582 2232 vernae
1597 2167 1864 2248 dedicaverunt:⁴)

635 2279 783 2364 ’θνάματα
807 2281 969 2366 ιίρεπτῶν·
993 2283 1144 2368 Αὐρήλιος
1161 2279 1285 2364 Ῥόδων,

638 2398 771 2486 Αὐρηλία
792 2398 977 2488 Ἀσιιληπιάς
1022 2399 1185 2488 ίίατράνῳ
1211 2403 1350 2490 Αὐρηλίῳ

640 2519 809 2606 Μαρκιανῷ
831 2521 1020 2610 ἐποιήσαμεν
1039 2521 1148 2605 μνείας
1165 2525 1268 2611 χάριν.

210 2641 275 2700 aut
298 2643 541 2702 monumentum
563 2639 699 2706 indidem
722 2649 856 2722 erutum,
880 2643 964 2725 quod
986 2644 1026 2708 ab
1049 2642 1117 2724 ipso
1139 2650 1272 2726 patmno
1294 2643 1418 2710 videtur
1440 2644 1575 2724 positum
1599 2645 1717 2727 esse:⁵)

634 2759 811 2846 ’ίανονιιρίιμ
835 2761 975 2848 θρεπτῷ.

216 2873 449 2960 condiscipulo
477 2879 613 2962 denique
641 2879 754 2963 uliquis
783 2881 938 2946 exstruxit
966 2882 1143 2963 sepulcrum
1173 2883 1205 2946 in
1233 2883 1419 2948 coemeterio
1442 2882 1612 2949 Thrasonis
1642 2889 1674 2948 et
1700 2881 1862 2948 Saturnini

220 2997 429 3078 repertum

627 3114 775 3204 ’ὓβριμος
795 3119 972 3205 Παλλαδίῳ,
994 3121 1173 3205 γλυκυτάτω

634 3238 769 3324 ἀνεψιῷ,
791 3241 999 3329 σνσχολαστή,
1020 3241 1144 3330 μνήμης
1161 3241 1263 3328 χάριν.

328 3356 475 3424 Venimus
510 3359 550 3424 ad
583 3360 712 3424 tertium
744 3359 879 3443 aliquid,
912 3361 995 3442 quod
1025 3379 1095 3426 cnm
1124 3359 1356 3440 antiquioribus
1390 3357 1584 3440 temporibus
1620 3355 1858 3424 usitatissimum

225 3475 338 3544 luisset
359 3485 470 3560 postea
490 3479 531 3543 ab
553 3497 614 3544 usu
636 3485 789 3545 remotum
812 3487 874 3546 est:
908 3479 1163 3558 acclamationes,
1191 3479 1344 3554 nativam,
1374 3484 1410 3544 ut
1432 3479 1471 3544 de
1493 3476 1596 3542 Rossii
1619 3481 1691 3542 utar
1712 3477 1858 3560 verbis,⁷)

228 3595 414 3678 elegantiam
443 3614 479 3662 ao
505 3599 641 3679 priscum
667 3617 811 3680 saporem
840 3599 1021 3664 relerentes.
1069 3596 1200 3664 Praeter
1221 3597 1291 3664 illas
1321 3599 1480 3671 formulas,
1503 3613 1583 3678 quas
1605 3596 1731 3678 saepius
1753 3597 1858 3662 attuli-

230 3733 310 3780 mus:
331 3717 456 3801 μνήμης
471 3718 575 3804 χάριν,
595 3719 720 3805 μνήμης
735 3717 835 3796 ἕνεκα,
856 3716 964 3800 μνείας
981 3719 1086 3806 χάριν,
1110 3721 1295 3804 προχονιιής
1310 3717 1417 3804 φήμης
1426 3716 1530 3802 χάριν,
1554 3713 1728 3779 sexcenties
1743 3713 1860 3795 legitur

232 3833 333 3923 εἰρήνη
360 3855 410 3896 σοι
436 3841 492 3902 aut
519 3836 553 3899 ἐν
581 3837 689 3924 εζοήνη
716 3839 765 3904 vel
792 3838 836 3910 εἰς
861 3837 986 3924 εἰρήνην
1013 3838 1195 3916 nudumque
1223 3835 1346 3921 εἰρήνης
1381 3833 1496 3899 deinde
1524 3831 1556 3894 ἐν
1584 3833 1693 3918 εἰρήνη
1721 3831 1860 3919 κοίμησις

234 3953 331 4034 αὐτοῦ,
353 3953 387 4016 ἐν
402 3953 510 4041 εἰρήνη
533 3955 591 4037 (εἰς
614 3956 752 4044 εἰρήνην)
775 3979 833 4020 σον
856 3959 891 4020 τὸ
914 3960 1042 4041 πνεῦμα,
1067 3957 1100 4019 ἐν
1122 3955 1230 4041 εἰρήνη
1251 3955 1271 4043 ή
1295 3953 1377 4041 ψυχή
1400 3952 1505 4032 αὐτοῦ,
1529 3950 1562 4014 ἰν
1586 3951 1694 4038 εἰρήνη
1713 3952 1856 4036 προάγεις

235 4069 266 4136 εὖ
287 4077 379 4137 νεῖται
398 4075 481 4154 μετὰ
502 4071 639 4162 εἰρήνης,
664 4077 771 4164 εἰρήνη
794 4100 844 4140 σοι
865 4075 940 4164 ήτω,
963 4077 1071 4164 εἰρήνη
1091 4073 1213 4158 μενέτω
1236 4095 1285 4134 σοι
1302 4071 1335 4134 ἐν
1351 4069 1459 4155 κυρίῳ,
1482 4070 1590 4158 εἰρήνη
1606 4092 1655 4132 σοι
1671 4068 1704 4132 ἐν
1720 4067 1858 4154 οὐρανῷ;

236 4193 275 4266 εἰς
293 4194 462 4259 άνάπαοσίν
485 4218 543 4258 σοο
566 4197 584 4282 ή
607 4199 701 4284 ψυχή,
730 4197 764 4260 τὸ
787 4196 909 4278 πνεῦμά
929 4217 987 4258 σου
1010 4195 1053 4268 εἰς
1076 4194 1262 4270 dudodecim
1290 4199 1357 4257 tum
1381 4190 1433 4278 ζῆ,
1462 4189 1566 4278 ζήσεις
1589 4189 1739 4276 (ζήσετε),
1764 4188 1801 4275 ζή
1823 4186 1857 4250 ἐν

236 4310 305 4399 θεῷ,
332 4315 376 4389 εἰς
397 4311 473 4379 θεὸν
497 4314 568 4401 ζῇς,
598 4315 632 4377 ἐν
655 4313 724 4400 θεῷ
747 4313 871 4399 (κυρίῳ)
895 4313 1014 4401 ζήσεις,
1043 4312 1101 4400 ζης
1122 4311 1154 4374 ἐν
1179 4307 1249 4392 θεῷ
1279 4309 1375 4395 κορίῳ
1399 4309 1536 4394 Χριστῷ;
1568 4307 1681 4373 deinde
1710 4305 1857 4391 εὐμοίρει,

236 4431 362 4522 εἰῴύχει,
385 4432 517 4519 θάρρει;
550 4429 688 4522 εὐῲάχει,
710 4432 811 4506 οὐδεὶς
834 4431 1008 4505 ἀάάνατοςς
1034 4434 1078 4518 μή
1101 4430 1212 4505 λυποῦ,
1236 4427 1339 4500 οὐδεὶς
1361 4417 1534 4504 ἀθάνατος
1557 4423 1693 4512 εὐτυχῶς
1724 4424 1857 4508 Χριστὸς

234 4551 306 4635 μετά
318 4571 386 4630 σου,
410 4551 543 4636 Χριστὸς
554 4553 634 4633 μετὰ
650 4555 703 4614 τοῦ
721 4551 893 4637 πνεύματός
916 4571 985 4623 σου,
1002 4551 1089 4636 χαρὰ
1111 4548 1180 4632 ὑμῖν
1195 4545 1229 4609 ἐν
1244 4543 1321 4630 θεῷ,
1343 4546 1433 4631 σώση
1449 4545 1467 4606 d
1483 4541 1558 4616 θεὸς
1574 4544 1627 4628 τήν
1642 4542 1743 4629 ψυχήν
1758 4541 1854 4624 ὑμῶν.

237 4669 364 4754 Cumque
387 4670 503 4737 talibus
532 4671 636 4736 verbis
661 4669 845 4752 plerumque
874 4666 991 4736 mortui
1018 4665 1230 4750 appellentur,
1258 4663 1385 4745 saepius
1406 4683 1425 4728 e
1447 4659 1604 4727 contrario
1632 4659 1856 4742 superstitibus

242 4785 360 4854 dolonoti
382 4791 500 4870 aliquid
522 4789 750 4857 adhortationis
771 4789 818 4854 vel
842 4785 1064 4854 consolationis
1087 4786 1283 4867 relinquunt,
1311 4779 1397 4852 velut
1419 4779 1519 4843 ἴσιετε
1540 4777 1573 4840 ἐν
1595 4778 1719 4865 εἰρήνη,
1746 4777 1855 4866 εἰρήνη

41 4889 70 4944 [lilii
244 4906 426 4926 ἱ·-

325 4959 348 5024 ι)
365 4963 478 5016 asoa.
597 4956 621 5027 ν)
638 4954 752 5008 narra
871 4954 894 5022 ν)
912 4955 1025 5006 nasso.
1145 4956 1168 5020 ι)
1185 4953 1298 5006 natan.
1419 4949 1443 5012 ν)
1461 4946 1576 4998 aenon
1695 4943 1851 5012 anama

243 5040 261 5107 'l
275 5039 347 5094 lusor.
364 5042 461 5100 Obrist
477 5045 535 5100 nrb.
553 5043 662 5099 Romae.
681 5037 740 5094 Vol.
753 5037 774 5092 1.
791 5052 818 5106 p.
830 5037 884 5092 cx.
1644 5117 1661 5167 6
