4748 6524
1067 904 1109 967 39

991 991 1194 1002 -—

270 1111 326 1192 qui
347 1111 477 1176 similem
501 1107 626 1174 videtur
648 1107 826 1173 exhibuisse
850 1107 1070 1174 exsecrationis
1093 1107 1272 1186 formulam,
1300 1106 1383 1172 illius
1406 1105 1567 1188 aequalem
1591 1123 1661 1172 csse
1683 1111 1714 1168 et
1736 1103 1910 1170 Romanum

271 1229 461 1313 quendam¹)
483 1228 537 1308 qui
558 1227 689 1310 praebet
704 1225 886 1293 formulam:
910 1225 942 1288 εἴ
959 1247 1004 1300 τις
1026 1227 1063 1290 τὰ
1078 1227 1155 1290 ὀστᾶ
1167 1249 1230 1310 μου
1246 1228 1359 1306 σκολεῖ,
1382 1223 1468 1290 ἔσται
1490 1221 1580 1310 αὐτῷ
1603 1225 1682 1310 πρὸς
1705 1225 1759 1313 τὴν
1781 1217 1910 1312 arrepse-

269 1347 368 1436 μένην
389 1345 530 1435 ὀργῆν.’)

375 1464 436 1531 Sed
459 1465 538 1532 satis
560 1464 599 1531 de
626 1465 901 1531 exsecrationibus.
948 1465 1054 1532 Placet
1083 1485 1152 1533 eam
1181 1485 1261 1546 rem,
1292 1483 1385 1550 quam
1415 1465 1506 1531 modo
1534 1465 1646 1532 leviter
1675 1464 1909 1544 adstrinximus,

272 1586 375 1670 paullo
399 1585 576 1654 accuratius
598 1583 809 1665 contemplari.
843 1584 888 1650 Ut
909 1585 990 1650 euim
1009 1585 1237 1650 exsecrationes
1252 1585 1297 1650 ita
1312 1585 1393 1650 alius
1409 1601 1534 1666 quoque
1549 1603 1625 1659 mos,
1647 1581 1700 1667 qui
1716 1601 1911 1672 paganorum

271 1707 417 1790 proprius
440 1705 609 1781 videretur,
632 1702 822 1784 pedetentim
853 1703 893 1769 ab
916 1723 975 1769 usn
998 1710 1138 1770 remotus
1162 1711 1219 1784 est,
1243 1704 1313 1770 dico
1336 1721 1422 1784 eum,
1446 1719 1538 1786 quem
1560 1707 1684 1768 veteres
1707 1721 1778 1768 raro
1801 1703 1912 1770 omise·

273 1831 356 1903 runt,
379 1831 415 1890 ut
437 1822 508 1907 quis
531 1828 763 1888 monumentum
786 1822 969 1889 collocasset
990 1821 1106 1889 litteris
1129 1823 1323 1890 mandarent.
1356 1823 1455 1902 Quam
1479 1841 1596 1889 morem
1619 1828 1775 1906 quotquot
1799 1822 1910 1888 horum

274 1941 449 2026 dequibus
471 1942 652 2009 disserimus
675 1941 839 2008 titulorum
869 1947 1049 2023 servarunt,
1080 1961 1188 2008 omnes
1215 1942 1279 2010 lere
1308 1941 1497 2023 antiquioris
1525 1939 1596 2009 aevi
1623 1958 1692 2008 esse
1721 1941 1828 2007 statim
1857 1960 1911 2025 ap·

274 2062 406 2146 parebit.
1796 2036 1799 2045 ¹

374 2181 513 2248 Primam
536 2181 617 2246 enim
641 2199 658 2245 e
680 2179 875 2246 coemeteriis
898 2179 984 2245 urbis
1012 2181 1096 2245 tituli
1124 2181 1244 2246 huncce
1273 2179 1306 2245 in
1335 2181 1460 2246 modum
1489 2181 1654 2264 compositi
1682 2183 1722 2248 ad
1749 2179 1910 2264 sexaginta

273 2307 347 2368 nunt
369 2301 466 2384 eruti3
495 2305 561 2364 tam
584 2297 761 2379 sepulcrum
788 2296 940 2362 habemus
964 2294 1189 2380 cyrenensem
1216 2299 1300 2376 quod
1330 2317 1400 2363 cum
1423 2319 1440 2364 e
1463 2300 1566 2365 verbis
1596 2298 1680 2364 οὗτοι
1708 2300 1912 2389 ἐτελεύτησαν

274 2420 322 2486 ἐπὶ
349 2416 513 2502 Αἰβουτίου
539 2415 660 2500 Λόγγοο
683 2412 822 2499 διωγμοῦ
845 2413 1013 2499 γενομένου
1037 2421 1110 2481 ante
1136 2416 1376 2482 Constantinum
1398 2417 1581 2484 collocatum
1604 2435 1673 2486 esse
1704 2425 1823 2502 pateat,
1844 2419 1913 2486 iure

274 2559 294 2606 a
325 2535 517 2605 Kirchlrolfio
553 2537 768 2602 »venerandae
801 2535 1001 2617 antiquitatis
1035 2534 1163 2600 titulus«
1193 2534 1381 2619 appellatur.
1425 2535 1545 2603 Deinde
1576 2538 1739 2604 titulorum
1770 2536 1912 2621 Syriaco·

274 2677 344 2723 rum
375 2655 502 2738 unum⁴)
536 2676 554 2722 e
583 2655 741 2721 nominum
771 2655 899 2735 indicio,
932 2655 1099 2740 alterum)
1133 2677 1150 2722 e
1185 2655 1320 2722 formula
1350 2661 1404 2744 τῆς
1431 2656 1520 2739 ἁγίας
1547 2655 1646 2737 Σιὼν,
1679 2657 1719 2722 dc
1747 2674 1810 2739 qua
1839 2659 1914 2724 ube·

276 2777 342 2842 rius
367 2777 403 2841 V.
427 2774 474 2840 cl.
508 2775 635 2841 disserit
657 2777 696 2841 ad
720 2795 750 2840 n.
781 2775 882 2855 9143,
915 2775 1127 2842 Kirchholfius
1156 2776 1270 2842 conicit
1298 2775 1338 2840 ad
1366 2776 1492 2842 saecula
1518 2779 1665 2856 quartum
1694 2774 1743 2841 uel
1769 2775 1912 2856 quintum

274 2897 446 2978 pertinere,
481 2894 852 2978 terciususubacqualic
880 2895 1111 2962 videturesse.
1155 2895 1234 2959 Tam
1266 2915 1283 2960 e
1313 2895 1414 2961 titulis
1440 2893 1602 2980 Phrygiis,
1636 2895 1707 2976 quis
1734 2911 1915 2960 monumen·

275 3021 342 3081 tum
365 3015 514 3097 posuerit,
545 3015 646 3081 tribus
674 3013 821 3080 traditur.
866 3017 911 3078 Ac
938 3011 1000 3078 duo
1029 3011 1189 3096 quidemll
1217 3019 1330 3094 quarto
1358 3014 1492 3080 tertiove
1521 3015 1646 3080 saeculo
1674 3032 1693 3080 a
1721 3011 1913 3080 Kirchhollio

276 3133 474 3213 tribuuntur,
504 3133 650 3216 tertius⁸)
676 3152 763 3210 vero,
795 3149 887 3212 quem
910 3131 951 3198 ad
973 3132 1133 3198 saeculum
1156 3132 1323 3216 septimum
1347 3135 1543 3201 referendum
1566 3154 1636 3202 esse
1657 3135 1739 3202 idem
1764 3133 1804 3198 V.
1827 3134 1873 3201 Cl.
1896 3155 1914 3202 e

276 3272 422 3320 versuum
445 3253 566 3319 ratione
589 3251 717 3334 colligit,
740 3252 779 3318 ob
802 3252 860 3318 hoc
882 3251 1000 3335 ipsum,
1027 3255 1110 3336 quod
1134 3253 1275 3320 versibus
1306 3254 1496 3338 compositus
1526 3261 1589 3337 est,
1618 3256 1658 3322 ad
1688 3275 1753 3322 rem
1784 3255 1824 3320 de
1852 3272 1914 3336 que

275 3373 397 3455 egimrm
420 3371 505 3438 nullo
527 3372 594 3439 loco
617 3379 665 3438 est
687 3372 908 3438 numerandus.
941 3371 1062 3440 Deinde
1085 3373 1117 3438 in
1141 3373 1298 3458 Lycaonia
1320 3375 1373 3459 qui
1397 3375 1516 3458 reperti
1537 3383 1612 3443 sunt
1632 3377 1749 3458 tituli⁹)
1770 3375 1914 3442 aKirch·

278 3492 371 3561 holfio
394 3495 426 3560 in
449 3494 574 3561 saeculo
597 3499 710 3576 quarto
733 3499 790 3558 aut
811 3491 921 3576 quinto
944 3499 1117 3576 ponuntur3
1140 3494 1266 3559 titulum
1288 3514 1318 3558 n.
1335 3493 1418 3560 9983
1441 3499 1546 3584 autem
1569 3501 1601 3561 et
1621 3494 1724 3575 ipsum
1741 3493 1913 3562 Asiaticum

278 3619 311 3679 et
331 3617 459 3695 propter
481 3613 639 3677 nominum
662 3613 879 3694 antiquitatem
907 3619 939 3679 et
968 3613 1007 3678 ob
1036 3613 1187 3678 orationis
1215 3612 1448 3695 simplicitatem
1475 3615 1515 3680 ad
1546 3613 1647 3696 prims
1674 3612 1800 3680 saecula
1826 3617 1915 3696 patet

277 3731 445 3812 pertinere.
497 3727 681 3796 daunenses
713 3731 846 3814 denique
880 3729 1140 3814 inscriptiones¹⁰)
1173 3734 1250 3798 satis
1285 3721 1426 3798 vetustas
1458 3749 1528 3799 esse
1557 3731 1662 3816 paullo
1691 3737 1765 3798 ante
1793 3731 1914 3813 exposi-

280 3856 347 3914 tum
369 3854 427 3914 est.

381 4020 405 4084 ¹)
422 4032 447 4071 n.
459 4019 536 4075 9399.
654 4017 677 4087 ¹)
696 4017 771 4072 Haec
788 4017 911 4087 formula,
929 4033 1009 4088 qnam
1026 4025 1141 4088 excepto
1158 4017 1209 4073 hoc
1227 4019 1306 4073 titulo
1325 4017 1446 4073 Romano
1464 4017 1492 4072 in
1509 4017 1567 4073 sola
1585 4016 1702 4087 Phrygia
1719 4017 1836 4088 repperi,
1853 4031 1915 4072 curn

280 4103 490 4158 Christianorum
507 4101 649 4172 peculiaris
667 4103 790 4158 videatur
807 4118 880 4166 esse,
903 4103 1054 4172 complures
1071 4103 1204 4172 Phrygiae
1223 4102 1316 4156 titulos
1339 4101 1366 4156 in
1384 4101 1413 4156 9.
1431 4101 1451 4154 Ι.
1471 4101 1503 4158 G.
1521 4101 1655 4156 volumine
1678 4103 1758 4158 tertio
1782 4101 1869 4156 editos
1886 4101 1914 4156 in

280 4187 490 4244 Christianorum
507 4201 617 4242 numero
635 4188 735 4242 reierre
753 4187 857 4244 licebit:
883 4205 909 4242 n.
921 4193 996 4245 8890.
1015 4189 1108 4245 aedat.
1126 4193 1194 4244 8909
1201 4206 1226 4243 ιι.
1245 4193 1342 4245 39993.
1361 4191 1429 4244 3939
1436 4188 1462 4242 b.
1479 4191 1561 4256 8980,
1585 4203 1698 4256 quorum
1721 4187 1810 4242 nullus
1832 4187 1914 4243 habet

281 4274 437 4342 quicquam,
456 4273 526 4348 quod
545 4271 722 4328 Christianum
740 4272 873 4328 hominem
890 4275 1026 4329 dedeceat.
1062 4272 1104 4328 Ac
1126 4274 1168 4328 rel
1186 4290 1211 4328 n.
1229 4277 1298 4330 8963
1316 4289 1368 4328 non
1392 4273 1469 4328 uideo
1494 4288 1542 4328 cur
1564 4279 1676 4342 propter
1692 4288 1826 4342 paganam
1844 4289 1913 4342 ques

282 4357 373 4412 addita
396 4365 438 4412 esc
460 4357 601 4413 formulam
619 4359 662 4410 zat
679 4359 759 4429 9ἡσει
777 4359 816 4419 εἰς
834 4359 865 4411 τὸ
883 4359 1034 4428 ἱερώτατον
1054 4361 1165 4424 ταμεῖον
1183 4359 1248 4423 κτλ,
1267 4357 1424 4413 Christianis
1442 4357 1588 4422 sumatur,
1606 4357 1730 4426 quoniam
1747 4373 1914 4427 paganorum

282 4442 407 4511 loquendi
424 4445 554 4498 rationem
572 4441 710 4510 paullatim
729 4443 855 4498 abolitam
868 4459 925 4498 asse
938 4443 1118 4510 compluribus
1130 4443 1182 4497 iam
1197 4442 1359 4497 ostendimus
1371 4441 1507 4512 exemplis.
1534 4442 1674 4497 Accedunt
1685 4457 1710 4495 n.
1722 4447 1790 4497 8999
1802 4429 1914 4512 propter

282 4529 479 4600 πρεσβύτερος
495 4541 596 4595 uocem,
620 4545 645 4583 n.
657 4532 739 4597 4439,
756 4529 832 4583 cuius
849 4527 936 4582 uerbis
954 4525 994 4588 εἷς
1010 4528 1075 4588 θεὸς
1090 4529 1173 4593 μόνος
1190 4529 1205 4581 3
1223 4528 1317 4588 σώζων
1336 4528 1393 4596 ipse
1409 4526 1540 4582 Francius
1557 4526 1688 4582 adductus
1706 4534 1748 4581 est
1759 4535 1790 4581 ut
1806 4527 1914 4582 titulum

281 4616 461 4672 christianum
479 4629 537 4669 esse
555 4631 633 4683 posse
652 4619 786 4682 censerct;
810 4631 836 4668 n.
848 4618 925 4682 4330,
942 4613 987 4668 cui
1004 4613 1090 4668 crucis
1108 4614 1211 4682 signum
1229 4614 1382 4682 appositum
1399 4619 1454 4680 σοι,
1476 4629 1502 4666 n.
1514 4616 1591 4676 4398,
1609 4613 1684 4667 cuius
1703 4612 1784 4666 verba
1802 4612 1914 4672 ἀείζωος

280 4703 346 4764 θεὸς
357 4701 500 4758 Welckero
512 4701 691 4756 Christianum
708 4701 841 4756 hominem
858 4698 972 4770 prodere
990 4697 1074 4752 rideri
1086 4699 1216 4753 Francius
1233 4699 1358 4766 admotam
1376 4697 1472 4752 deinde
1489 4713 1515 4751 n.
1528 4701 1596 4753 4399
1614 4697 1703 4752 nescio
1721 4713 1755 4752 an
1773 4695 1912 4752 abeodem

281 4787 371 4854 Basso,
389 4785 436 4854 qui
454 4783 525 4838 tituli
543 4784 725 4839 antecedentis
742 4791 837 4839 auctor
854 4785 913 4854 laic,
931 4785 1097 4855 compositus
1115 4786 1157 4852 sit,
1176 4785 1247 4840 tituli
1264 4803 1290 4840 n.
1302 4789 1370 4862 4793
1387 4789 1477 4838 antam
1495 4783 1574 4853 primi
1591 4797 1697 4838 versus:

706 4868 720 4922 1
724 4867 798 4924 taor
814 4873 875 4935 μετ’
893 4871 1056 4938 εὐσεβέεσσι
1074 4871 1218 4942 σαόφρονα
1238 4872 1346 4943 Δωρίδα
1363 4871 1472 4924 κεῖσθαι

703 4954 760 5008 ἀντ’
778 4956 879 5027 ἀρετῆς
896 4957 970 5027 ἱερὸν
985 4960 1082 5028 χῶρον
1104 4956 1300 5028 ἀνιορομένην.

284 5048 344 5088 mea
361 5037 465 5103 quidem
491 5039 675 5096 sententiaeb
693 5041 800 5096 homine
817 5057 923 5109 pagano
941 5057 995 5096 non
1012 5048 1158 5110 potuerunt
1174 5043 1311 5111 componi;
1336 5057 1362 5096 n.
1374 5045 1443 5098 4934
1461 5039 1575 5110 deniqne
1594 5039 1724 5096 Franaius
1749 5045 1823 5094 recte
1840 5039 1912 5094 site

284 5119 378 5178 πιστὸς
395 5121 476 5178 verbo
493 5124 672 5180 unanimum
691 5140 749 5180 esse
766 5125 874 5180 titulum
892 5125 1013 5180 conicere
1030 5125 1118 5181 licere.
1232 5129 1256 5194 ³)
1273 5144 1297 5182 n.
1311 5131 1386 5184 9186.
1489 5128 1512 5195 4)
1530 5143 1556 5180 n.
1569 5131 1645 5182 9144.
1757 5127 1780 5192 ⁵)
1797 5141 1823 5179 u.
1835 5129 1912 5181 9139.

282 5205 306 5271 ⁶>
324 5207 437 5261 11-9138·
539 5211 561 5277 7)
579 5216 692 5268 noem.
711 5215 788 5268 osea.
891 5213 914 5280 a)
932 5215 1044 5270 nauca
1132 5213 1154 5280 ν)
1172 5215 1286 5268 nerea
1304 5215 1378 5268 aare.
1468 5213 1633 5283 runata.
1652 5213 1911 5270 arcacensem.
