4748 6524
1032 747 1072 811 23

956 835 1159 847 ——n—

647 956 701 1041 τὴν
722 953 917 1036 κατάκοσμον
941 951 1064 1036 ἀρετῶν
1088 955 1154 1027 ταῖς
1177 951 1283 1031 λδέαις,

648 1073 699 1135 τδν
722 1071 868 1154 εὐγενοῦς
890 1073 1013 1159 ύρπηκα
1035 1071 1169 1156 δένδρου
1193 1072 1240 1134 καὶ
1263 1069 1386 1141 κλάδον,

649 1193 800 1280 εἰρηνικὸν
824 1192 963 1280 ζησοσαν
987 1191 1121 1278 Εἰρήνην
1143 1190 1223 1273 βίον.

646 1311 684 1398 ἣν
706 1313 842 1399 γαμετην
864 1309 975 1399 ἔσχηκε
998 1311 1245 1397 παμφαεστάιην

647 1427 677 1494 Γ
672 1431 815 1516 εώργιος,
839 1431 991 1518 φρόνησις
1014 1431 1094 1516 ἄκρα
1118 1433 1166 1494 καὶ
1186 1430 1293 1516 γέρας,

649 1549 838 1639 ἀργοντικῶν
862 1550 987 1629 ὕπατος,
1011 1549 1117 1638 ἄρχων
1141 1551 1315 1634 ταγμάτων.

647 1670 667 1757 ἦ
691 1669 817 1756 πραέως
839 1665 946 1758 ᾤκησε
967 1675 1024 1759 γῆν
1046 1670 1091 1742 ὡς
1113 1667 1243 1757 Εἰρήνη.
1253 1671 1278 1753 1)

224 1792 272 1856 In
298 1789 348 1855 his
371 1789 514 1856 versibus
536 1788 594 1855 hoc
616 1787 718 1855 solum
742 1789 853 1870 placet,
876 1790 961 1872 quod
983 1789 1139 1874 Georgius
1162 1792 1202 1856 ad
1225 1792 1331 1857 uxoris
1354 1809 1465 1857 nomen
1488 1791 1640 1858 relatione
1661 1791 1745 1858 facta
1764 1793 1877 1859 irenen

228 1909 392 1995 εἰρηνικὸν
420 1907 491 1990 βίον
520 1909 660 1996 ζησασαν
691 1909 780 1988 dicit,
810 1925 872 1989 quo
894 1908 997 1974 laudis
1019 1929 1134 1990 genere
1156 1911 1367 1994 antiquiorum
1391 1927 1516 1992 quoque
1537 1916 1714 1993 temporum
1736 1910 1876 1978 homines

227 2028 411 2096 delectatos
433 2046 503 2095 essa
524 2028 746 2110 comprobatur
768 2026 980 2109 compluribus
1002 2029 1102 2096 titulis
1117 2029 1194 2096 satis
1209 2029 1350 2109 vetustis,
1374 2035 1411 2094 ut
1425 2030 1565 2095 Romano
1579 2047 1661 2095 anno
1676 2047 1706 2112 p.
1722 2027 1797 2095 Chr.
1813 2031 1875 2094 298

230 2145 461 2231 compositor)
1419 2156 1422 2164 '

648 2264 808 2350 Σιμπλικία
830 2267 850 2354 η
873 2267 921 2329 καὶ
943 2267 1124 2350 καλώνυμος
1147 2263 1257 2352 ἔζησεν

649 2384 702 2472 ἔτη
725 2410 756 2448 ια
777 2383 899 2473 ἡμέρας
921 2409 966 2468 κγ.

234 2515 335 2593 atque
356 2507 560 2592 inscriptione
583 2528 600 2573 a
622 2508 739 2590 cryptis
762 2505 973 2588 lapicensibus
996 2503 1125 2582 effossa,
1154 2521 1248 2586 quam
1278 2502 1318 2568 ad
1346 2519 1462 2568 annum
1484 2521 1515 2584 p.
1539 2501 1613 2567 Ohr.
1633 2501 1697 2565 360
1719 2505 1877 2585 pertinere
1911 2511 1914 2518 ’

236 2627 411 2710 consata)

645 2743 774 2810 Ἔνδάδε
796 2748 890 2809 κεῖται
913 2743 1055 2831 Εὐτέρπη
1078 2745 1097 2832 ὴ
1121 2748 1183 2807 τῶν
1207 2742 1342 2807 Μουσῶν

649 2863 835 2949 σύντροφος.

238 2985 334 3051 Aliud
356 2985 496 3052 eiusdem
518 2984 614 3050 moris
637 2985 812 3066 exemplum
834 2982 966 3066 praehet
989 2981 1099 3048 titulus
1115 2979 1371 3064 Syracusanus,⁴)
1394 2981 1448 3066 qui
1471 2983 1511 3049 ab
1526 2981 1572 3048 eis
1589 3000 1668 3063 quos
1687 2983 1779 3049 modo
1794 2986 1877 3048 attu-

239 3103 332 3170 limus
354 3121 393 3170 ea
415 3103 515 3169 solum
538 3123 573 3170 re
595 3103 753 3183 abhorret,
775 3100 859 3186 quod
881 3119 900 3166 a
922 3101 1046 3166 nomine
1068 3119 1130 3166 non
1151 3103 1304 3182 petuntur
1323 3098 1433 3166 laudes
1455 3098 1610 3167 defuncti:

642 3219 761 3310 Ἡμέρᾳ
783 3218 917 3308 κυριακῇ
938 3217 1149 3304 δεσμευδεῖσα
1171 3220 1293 3294 ἀλύτοις
1314 3222 1461 3303 καμάτοις
1483 3219 1531 3283 ἐπὶ
1553 3219 1655 3308 κοίτης

647 3342 685 3431 ἧς
708 3343 756 3406 καὶ
778 3339 913 3426 τοῦνομα
934 3340 1083 3430 Koprates),
1106 3339 1212 3428 ἡμέρᾳ
1233 3337 1368 3426 κυριακῇ
1390 3340 1504 3413 παντὸς
1524 3339 1597 3421 βίον
1621 3339 1705 3402 λύσιν

650 3457 722 3549 ἔσχε
745 3461 798 3550 την
820 3455 929 3548 ᾔτησε,
953 3461 1014 3545 πρὸ
1037 3461 1164 3548 πρώτης
1187 3458 1348 3524 καλανδῶν
1371 3457 1487 3523 Μαίων.

243 3579 343 3646 Huius
365 3579 450 3645 tituli
473 3577 620 3664 extremis
643 3579 758 3660 verbis,
787 3579 900 3662 quibus
924 3578 1057 3662 Cyriaca
1078 3585 1210 3646 mortem
1238 3579 1354 3644 dicitur
1381 3579 1592 3660 exoptavissa,
1620 3577 1805 3644 adducimur
1834 3578 1876 3643 ad

244 3697 455 3778 quaestionem
481 3697 713 3780 proponendam
740 3699 967 3780 gravissimam.
1019 3697 1063 3763 Ut
1090 3699 1173 3764 enim
1197 3699 1278 3764 bene
1304 3702 1445 3764 veterum
1473 3697 1722 3763 Christianorum
1755 3700 1875 3763 mentes

246 3821 338 3900 atque
358 3833 469 3884 sensus
490 3817 727 3900 perspiciemus,
756 3815 883 3882 maximi
904 3817 1051 3883 momenti
1073 3821 1124 3883 ast
1146 3834 1331 3898 cognoscere
1359 3816 1433 3898 quid
1462 3815 1668 3898 cogitaverint
1697 3816 1736 3881 de
1765 3819 1875 3890 morte,

245 3939 348 4001 utrum
369 3932 485 3999 malum
506 3952 547 3999 an
568 3939 696 4002 anctore
717 3931 816 4000 Paulo
837 3935 979 4017 apostolo
1001 3933 1113 4019 κέρδος
1136 3951 1205 4000 eam
1227 3951 1296 4000 essa
1320 3933 1581 4015 existimaverint,
1610 3935 1779 4000 maluerint
1805 3951 1877 4000 con-

246 4053 475 4137 tempserintne,
498 4053 729 4136 deploraverim
751 4053 885 4135 denique
907 4060 1048 4120 mortuos
1070 4073 1110 4120 an
1133 4053 1238 4121 felices
1259 4053 1481 4136 praedicarint.

342 4171 433 4250 Quod
455 4171 635 4255 prinsquam
657 4173 834 4239 accuratius
857 4173 1110 4256 contemplemur,
1134 4172 1173 4238 de
1195 4174 1263 4255 ipsa
1285 4172 1438 4238 moriendi
1460 4173 1602 4250 notione,
1629 4187 1711 4257 quae
1731 4173 1875 4257 plurimis

248 4308 388 4372 expressa
410 4296 459 4357 est
480 4289 589 4372 modis,
611 4289 704 4358 liceat
724 4291 864 4358 nonnihil
886 4293 1050 4359 disserere.
1083 4291 1244 4359 Habemus
1266 4290 1475 4378 ἐτελεύτησεν,
1499 4289 1664 4373 ἀπέθανεν,
1688 4311 1745 4375 pro
1760 4293 1874 4373 quibus

247 4428 335 4493 saepe
357 4417 498 4493 tempora
519 4411 697 4493 praesentia
716 4410 821 4492 posita
848 4416 936 4477 sunt:
971 4407 1105 4498 τελευτᾷ
1112 4459 1119 4490 ,
1150 4407 1357 4497 ἀποθνήσκει,
1386 4410 1498 4477 deinde
1527 4409 1666 4493 ἀπεβὶω,
1696 4410 1873 4495 ἀπεγένετο,

247 4528 411 4610 ύτέύωκεν,
434 4531 548 4612 quibus
571 4529 699 4596 vocibus
721 4530 845 4612 saepius
867 4529 994 4595 additur
1016 4528 1049 4592 ἐν
1073 4527 1181 4616 εἰρήνη
1203 4528 1253 4594 vel
1277 4527 1310 4592 ἐν
1332 4530 1470 4615 Χριστῷ.
1507 4528 1743 4611 Nonnunquam
1765 4533 1875 4598 verbo·

228 4635 310 4712 ¹rum
336 4645 590 4714 exufflationibus
617 4647 805 4730 quibusdam
830 4665 914 4713 mors
936 4646 1112 4729 significata
1133 4651 1198 4714 est:
1228 4647 1375 4733 κατέλιψα
1402 4653 1495 4733 σῶμα
1516 4646 1610 4737 γδονλ
1631 4649 1838 4737 πολυβοτείρῃ
1847 4652 1873 4733 ⁵)

248 4771 298 4830 aut
318 4761 428 4854 ᾤκησα
450 4765 611 4851 τύμβσνβ)
633 4767 710 4850 (quo
731 4765 799 4833 loco
821 4764 914 4830 ούκέω
938 4767 1066 4834 verbum
1088 4766 1170 4834 idem
1192 4765 1278 4833 valet
1291 4785 1328 4832 ac
1346 4785 1380 4832 sa
1394 4765 1536 4832 conferre
1550 4769 1583 4832 in
1597 4766 1732 4850 aliquem
1747 4767 1873 4852 locum).

250 4877 351 4949 Plures
366 4891 470 4953 tamen
485 4885 570 4951 tituli
586 4883 668 4951 nude
688 4885 801 4952 docent
821 4885 978 4951 hominem
1000 4885 1105 4951 vivere
1127 4885 1260 4952 desisse:
1291 4885 1500 4962 ἀνεπαύσατο,
1523 4885 1722 4950 ἀνεπαύσατο
1745 4885 1778 4948 ἐν
1801 4884 1871 4971 θεῷ

251 5034 446 5052 Q

344 5137 367 5203 1)
383 5141 497 5194 mosao.
599 5138 622 5210 ν)
639 5140 755 5194 neom.
858 5139 882 5206 τ)
898 5141 1012 5194 nasae.
1114 5137 1138 5207 ⁴)
1156 5151 1183 5192 n.
1193 5139 1270 5194 οισι.
1380 5139 1404 5206 ι)
1421 5139 1534 5196 asaro.
1648 5140 1715 5207 on.
1728 5141 1804 5196 aesc.
