4748 6524
721 1029 783 1089 τῶν
806 1025 930 1110 ἀρετῶν
953 1025 1005 1088 τὸν
1028 1023 1143 1089 πέπλον
1164 1022 1360 1113 ἠμφιεσμένη

720 1146 768 1209 καὶ
791 1147 854 1220 τοῖς
876 1143 980 1220 καλοῖς
1002 1145 1114 1210 ἀπασιν
1137 1141 1317 1232 ῶραισμένη

723 1264 855 1328 καὶτῶν
878 1261 990 1328 ἀεικῶν
1013 1263 1142 1330 ἀκτίνων
1165 1261 1375 1352 πεπλασμένη.
1406 1307 1408 1310 -

389 1385 496 1452 saliis
519 1385 602 1452 vitae
625 1389 772 1452 aeternae
795 1383 982 1464 nominibus,
1004 1384 1090 1451 velut
1113 1384 1131 1471 ἡ
1151 1377 1240 1468 Ἐδὲμ
1264 1381 1430 1472 κληρουχία
1453 1383 1560 1468 eisque
1582 1400 1663 1466 quae
1686 1381 1747 1448 alio
1761 1380 1826 1448 iam
1841 1380 1908 1449 loco

394 1503 596 1585 notavimus,
624 1503 688 1591 ζωὴ
713 1499 839 1590 αἰώνιος
861 1507 894 1599 et
916 1502 980 1590 ζωὴ
1004 1501 1163 1586 οὐράνιος,
1185 1519 1267 1583 quae
1290 1505 1415 1592 exstant
1437 1500 1469 1568 in
1490 1499 1643 1568 Bonilacii
1666 1500 1908 1583 monumento,¹)

433 1626 518 1693 tituli
540 1626 636 1694 verba
658 1631 798 1692 extrema
820 1624 915 1694 liceat
936 1624 1062 1702 afferre,
1090 1642 1171 1708 quae
1193 1622 1380 1691 sententiam
1402 1620 1537 1688 maxime
1563 1621 1715 1704 insignem
1743 1620 1908 1703 praebent:

477 1745 562 1810 Μετὰ
585 1746 638 1834 τὴν
662 1743 697 1808 ἐκ
712 1745 765 1808 τοῦ
786 1744 859 1827 βίου
882 1743 931 1809 ἐπὶ
954 1745 1007 1832 τὴν
1030 1742 1225 1833 δικαιοσύνην
1244 1741 1425 1830 μεταβολὴν

476 1865 528 1930 ἀιά
550 1866 663 1940 παντὸς
686 1864 786 1929 τοίνυν
810 1867 863 1928 τοῦ
887 1861 1078 1953 ἀναισθήτου
1099 1863 1172 1947 βίου
1195 1865 1214 1952 ὴ
1238 1860 1377 1950 κοίμησις
1400 1857 1528 1950 dadsisas
1547 1860 1629 1946 μετὰ

477 1989 532 2076 τῆς
554 1983 588 2048 έν
611 1985 738 2072 Χριστῷ
761 1981 933 2071 συνάούλης
953 2005 1015 2067 μου
1039 1984 1087 2047 καὶ
1110 1987 1164 2070 τῆς
1186 1981 1374 2069 χλυκυτιίιης
1393 2002 1456 2064 μου
1477 1979 1608 2068 μητρός.

445 2103 513 2170 tihil
536 2103 638 2170 diuam
662 2102 701 2170 de
721 2103 831 2169 mortis
846 2101 1087 2186 significatione:
1111 2104 1130 2192 a>
1154 2101 1189 2166 ἐκ
1209 2103 1262 2166 τοῦ
1284 2099 1357 2184 βίου
1381 2098 1429 2165 ἐπὶ
1453 2101 1507 2189 τὴν
1530 2097 1725 2188 δικαιοσύνην
1744 2098 1907 2186 μεταβολή

458 2239 495 2288 ra
507 2257 547 2268 -
560 2219 735 2308 δικαιοσύνη
759 2221 841 2286 enim
863 2239 923 2287 vox
944 2221 1003 2288 hoc
1018 2222 1087 2288 loco
1109 2240 1165 2304 pro
1181 2220 1277 2306 κρίσις
1292 2225 1446 2304 usurpata
1462 2219 1587 2286 videtur
1603 2238 1725 2288 esse-
1739 2219 1906 2290 admodum

268 2369 415 2408 αοιοοιοο
439 2344 487 2406 est
508 2339 665 2405 sententia
687 2339 870 2420 verborum,
899 2357 979 2422 qnae
1006 2341 1224 2421 insequuntur.
1270 2337 1397 2406 Etenim
1425 2337 1572 2421 qnoniam
1601 2338 1667 2406 uita
1690 2347 1817 2408 aetema
1838 2339 1908 2424 ipsa

267 2459 356 2527 nullo
379 2459 471 2527 modo
495 2457 646 2541 appellari
672 2463 778 2542 potest
806 2456 994 2548 ἀναίσθητος
1019 2457 1091 2542 βίος
1119 2477 1221 2542 neque
1248 2459 1357 2526 beatos
1387 2455 1554 2542 κοιμᾶσθαι
1582 2458 1687 2525 dicere
1713 2459 1802 2540 licet,
1831 2461 1909 2527 haec

267 2579 381 2660 verba,
407 2577 440 2643 id
464 2576 546 2660 quod
570 2573 782 2643 Kirchhoffias
804 2577 872 2645 iure
895 2579 1041 2654 adnotat,
1068 2577 1279 2660 intellegenda
1301 2583 1377 2645 snut
1398 2578 1437 2644 de
1460 2584 1615 2659 tempore,
1643 2577 1727 2660 quod
1756 2583 1805 2644 est
1826 2579 1909 2644 inter

269 2703 403 2764 mortem
426 2701 458 2762 et
479 2696 755 2778 resurrectionem,
782 2697 899 2764 rectius
920 2699 1029 2765 videor
1052 2697 1156 2766 dicere
1179 2697 1261 2764 inter
1282 2698 1419 2782 priorem
1435 2697 1696 2765 resurrectionem
1713 2701 1746 2764 et
1766 2695 1907 2764 alteram.

270 2819 360 2898 Quod
394 2817 476 2885 enim
509 2803 686 2884 litterulam
719 2822 898 2884 sanctarum
926 2817 995 2885 loco
1028 2815 1164 2900 aliquot)
1195 2817 1456 2902 praecipitanda
1484 2817 1635 2898 mortuis,
1667 2815 1734 2884 lore
1763 2821 1799 2883 ut
1828 2834 1907 2884 mar-

268 2947 352 3023 tyres
382 2939 498 3020 quique
525 2942 632 3005 sancte
660 2937 795 3004 vixerint
814 2937 955 3005 homines
985 2957 1056 3006 cum
1086 2935 1212 3003 (lhristo
1242 2956 1301 3019 pen
1327 2936 1412 3004 mille
1441 2953 1539 3004 annos
1567 2934 1732 3020 imperium
1761 2935 1908 3012 habeant,

271 3059 378 3143 (quam
402 3076 472 3124 esse
495 3057 664 3122 ἀνάστασιν
681 3059 734 3146 τὴν
757 3057 913 3144 πρώτην),
937 3055 1034 3123 οε1ει1
1056 3075 1129 3122 uero
1152 3075 1213 3123 non
1236 3055 1353 3122 sintin
1377 3055 1442 3123 vita
1464 3075 1562 3140 usque
1585 3056 1659 3122 dum
1682 3055 1830 3124 iudicium
1853 3053 1909 3122 liat

272 3178 310 3244 de
333 3179 453 3244 cunctis
475 3175 662 3256 hominibus,
684 3177 851 3258 plerosque
868 3175 1054 3258 antiquioris
1076 3175 1146 3242 aevi
1167 3175 1337 3260 scriptores
1360 3175 1589 3244 ecclesiasticos
1611 3174 1788 3243 defendisse
1813 3179 1909 3259 atque

270 3297 447 3365 accuratius
476 3301 638 3363 exsecutos
666 3313 735 3361 esse
761 3313 852 3362 nemo
881 3294 1013 3377 ignorat
1061 3291 1140 3360 Cum
1162 3313 1238 3362 uero
1260 3295 1319 3364 hoe
1346 3313 1543 3379 nequaquam
1572 3300 1733 3364 constaret
1753 3296 1837 3363 inter
1857 3313 1909 3363 ue·

270 3423 355 3483 teres
387 3433 492 3482 rerum
526 3412 702 3480 divinarum
735 3413 918 3495 scriptores,
945 3431 1027 3498 quae
1060 3419 1144 3480 esset
1171 3414 1203 3480 in
1229 3411 1282 3482 illo
1310 3415 1460 3499 temporis
1490 3416 1591 3500 spatio
1618 3420 1813 3484 mortuorum
1836 3433 1906 3484 con-

271 3533 368 3615 dicio,
403 3534 461 3600 hae
494 3538 579 3600 certe
618 3549 653 3598 re
685 3531 904 3616 plerorumque
937 3533 969 3598 in
1000 3551 1096 3599 unum
1129 3539 1341 3616 congruerunt
1375 3534 1563 3617 sententiae,
1597 3534 1684 3602 illam
1712 3535 1906 3621 apocalypsis

270 3654 372 3721 locum
401 3653 429 3716 ol
458 3651 555 3715 λοιποὶ
585 3655 646 3717 τῶν
669 3656 788 3737 νεκρῶν
810 3651 866 3715 ada
894 3649 1009 3741 ἔζησαν
1038 3651 1108 3742 ἄχρι
1136 3650 1275 3740 τελεσθῇ
1297 3653 1334 3719 τὰ
1350 3653 1435 3744 χίλια
1462 3651 1514 3743 ἔτη
1538 3673 1599 3721 nou
1623 3654 1669 3722 ila
1691 3655 1906 3738 accipiendum

270 3790 339 3840 esse
372 3771 413 3836 ad
444 3770 588 3852 verbam,
629 3769 666 3837 at
696 3772 817 3838 animas
850 3771 976 3839 omnino
1009 3790 1071 3839 non
1103 3771 1225 3853 vivere,
1264 3792 1326 3840 non
1363 3772 1498 3855 sentire,
1532 3791 1594 3840 non
1627 3772 1709 3841 allici
1746 3775 1905 3843 doloribus

270 3889 430 3974 apostolus
452 3888 614 3972 significet.
658 3889 870 3958 Tertullianus
893 3891 980 3958 verbi
1003 3907 1098 3958 causa
1124 3909 1197 3959 nour
1219 3893 1317 3972 enim,
1339 3891 1488 3975 inquit,⁸)
1517 3911 1578 3959 non
1601 3897 1693 3975 putee
1715 3894 1851 3960 animam
1874 3899 1907 3962 et

271 4009 376 4094 puniri
399 4016 431 4075 et
453 4009 603 4077 loveriis
626 4009 734 4078 inieris
756 4009 882 4078 interim
906 4011 965 4077 sub
988 4011 1220 4095 exspectatione
1242 4009 1407 4094 utriusque
1428 4010 1534 4078 iudicii
1560 4011 1592 4078 in
1615 4011 1750 4093 quadam
1774 4030 1905 4098 usurpa·

269 4131 354 4197 done
376 4136 408 4198 et
430 4128 563 4197 candida
585 4131 691 4197 elusi«
727 4135 821 4214 atque
847 4131 951 4198 »novit
972 4137 1005 4198 et
1031 4132 1114 4214 apud
1144 4129 1258 4198 interos
1287 4133 1392 4198 anima
1413 4136 1446 4198 et
1473 4129 1578 4198 dolere
1608 4137 1640 4200 et
1668 4132 1807 4216 gaudere
1836 4133 1904 4200 sine

271 4267 391 4314 carnes
439 4247 589 4316 Similiter
613 4249 807 4334 Irenaeus:⁴)
840 4251 874 4315 At
904 4252 999 4340 ψυχαὶ
1021 4250 1208 4340 ἀπέρχονται
1238 4250 1281 4326 εἰς
1311 4251 1362 4314 τὸν
1391 4249 1484 4315 τόπον
1514 4251 1565 4316 τὸν
1595 4251 1768 4337 ὡρισμένον
1798 4251 1904 4329 αὐτοῖς

271 4365 331 4430 ἀπὸ
356 4370 408 4432 τοῦ
433 4369 524 4451 θεοῦ,
545 4367 634 4432 κάκεῖ
649 4367 742 4457 μέχρι
764 4373 819 4458 τῆς
841 4369 1046 4445 ἀναστάσεως
1068 4374 1209 4457 φοιτῶσι,
1234 4368 1453 4456 περιμένουσαι
1476 4371 1530 4460 τὴν
1552 4370 1737 4434 ἀνάστασιν·
1764 4369 1903 4438 Iustinus

270 4487 434 4571 deniquci)
452 4494 558 4572 causet
581 4489 634 4562 τὰς
654 4489 713 4572 μὲν
736 4492 798 4552 τῶν
822 4488 964 4573 εὐσεβῶν
987 4490 1114 4578 (ψυχὰς)
1132 4487 1165 4553 έν
1180 4487 1330 4575 κρεῖττυνί
1343 4511 1392 4555 τοι
1402 4489 1505 4579 χώρῳ
1518 4487 1634 4574 μένειν,
1658 4489 1712 4564 τὰς
1727 4488 1763 4553 ἀὲ
1779 4487 1904 4566 ἀδίκους

269 4609 316 4672 καὶ
338 4607 477 4695 πονηρὰς
498 4606 531 4670 έν
541 4605 670 4697 χείρονι,
695 4608 746 4671 τὸν
770 4611 823 4697 τῆς
846 4608 977 4694 κρίσειυς
999 4607 1204 4698 ἐκδεχομένας
1219 4607 1336 4697 χρόνον
1352 4607 1431 4674 τότε.
1465 4608 1627 4688 Quodcum
1643 4607 1702 4674 1100
1717 4607 1809 4676 tilulo
1824 4609 1902 4678 illud

267 4725 350 4792 mille
372 4746 523 4794 annorum
547 4729 681 4811 spatium
703 4727 773 4812 βίος
795 4726 983 4817 ἀναίσθητος
998 4735 1133 4809 vocetur,
1158 4726 1335 4793 Bonilacius
1356 4727 1396 4793 ad
1411 4725 1559 4792 Iohannis
1575 4727 1761 4793 sententiam
1778 4726 1902 4794 videtur

267 4845 394 4928 propius
409 4846 586 4923 accessisse,
608 4866 628 4913 a
649 4847 829 4915 doctoribus
852 4847 1001 4915 ecclesiae
1017 4846 1228 4914 abhorruisse.
1261 4846 1375 4914 Tamen
1393 4863 1497 4913 secum
1513 4845 1658 4912 dissentit
1672 4845 1773 4912 horno.
1807 4847 1901 4914 Nam·

269 4974 329 5039 que
350 4981 419 5029 cum
442 4965 557 5034 adiciat
578 4972 687 5050 optare
709 4986 753 5050 se,
776 4973 812 5034 ut
834 4967 911 5034 sibi
933 4967 1025 5034 detur
1047 4965 1079 5032 in
1103 4967 1155 5033 illo
1178 4964 1326 5049 temporis
1348 4965 1450 5048 spatio
1473 4963 1618 5053 κοίμησις,
1640 4963 1689 5030 his
1704 4964 1780 5048 ipsis
1795 4965 1900 5033 verbis

369 5135 392 5199 1)
409 5151 434 5190 ιι.
447 5137 522 5192 0414.
625 5135 648 5204 ²)
664 5135 775 5206 Apocal.
787 5137 830 5206 20,
841 5139 865 5190 4.
878 5139 901 5191 5.
1005 5135 1028 5204 ³)
1047 5135 1090 5191 De
1107 5133 1203 5190 anima.
1221 5149 1243 5190 a.
1259 5137 1300 5190 118.
1401 5133 1425 5200 ⁴)
1442 5131 1476 5202 V,
1493 5136 1525 5188 31
1544 5134 1643 5201 paul.
1747 5133 1857 5202 ⁵)Dial.
1875 5147 1898 5190 a.

267 5215 411 5286 Tryphone
429 5221 482 5291 §lt

1693 5308 1712 5361 0
