4748 6524
1064 735 1105 800 37

987 823 1190 834 t—

677 937 980 1025 προγεγραμμένων·
1003 939 1038 1014 ὃς
1061 939 1097 1003 δὲ
1119 939 1157 1004 ἂν
1180 937 1384 1028 ἐπιτηδεύσει,

676 1055 762 1124 ἔσται
784 1058 871 1144 αὐτῷ
894 1059 972 1143 πρὸς
995 1059 1047 1123 τὸν
1070 1059 1172 1134 ζῶντα
1195 1057 1269 1124 θεὸν
1292 1060 1341 1122 καὶ
1364 1060 1416 1122 νῦν

675 1181 723 1244 καὶ
745 1178 779 1243 έν
802 1175 844 1268 τῇ
870 1179 1001 1264 κρισλμῳ
1024 1177 1139 1268 ἡμέρᾳ.

172 1299 324 1368 Guius
355 1300 471 1368 tituli
493 1299 533 1367 de
554 1305 659 1367 aetate
681 1316 869 1382 quamquam
892 1299 969 1366 certi
991 1299 1160 1381 quicquam
1183 1295 1341 1364 affirmare
1363 1316 1424 1364 non
1456 1299 1544 1381 licet,
1573 1302 1677 1365 tameo
1705 1297 1764 1366 hoc
1793 1299 1906 1382 ipsum,

182 1420 308 1502 quod
330 1438 560 1505 paganorum
583 1419 818 1503 inscriptionum
834 1417 1023 1484 simillimam
1040 1417 1167 1484 exhibet
1181 1415 1345 1493 rationem,
1368 1417 1546 1484 testimonio
1563 1423 1620 1498 est,
1643 1435 1714 1484 eum
1729 1417 1907 1502 antiquiore

190 1557 306 1606 aevo
341 1555 435 1605 esse
459 1537 674 1620 compositum.

355 1659 418 1724 Ab
442 1658 550 1724 eadem
574 1676 630 1724 oro
651 1658 704 1740 qui
728 1657 880 1726 oriundus
902 1664 951 1726 est
966 1657 1080 1727 titulus
1096 1678 1125 1722 n.
1142 1659 1235 1740 9266,
1258 1675 1320 1740 quo
1336 1655 1514 1741 quicunque
1528 1653 1693 1724 infantium
1710 1657 1906 1739 quorundam

204 1777 445 1860 sepulcrum
468 1775 605 1857 laeserit,
627 1773 695 1858 ipsc
719 1775 835 1844 dicitur
857 1795 928 1844 mox
949 1778 1057 1845 liberis
1081 1780 1224 1846 orbatum
1248 1779 1299 1845 iri:

665 1891 718 1973 “oo
740 1895 777 1962 ἂν
800 1895 837 1960 δὲ
859 1897 1024 1987 προσκύςύῃ
1048 1897 1137 1974 ξένος
1160 1899 1205 1986 τῷ
1222 1897 1333 1986 τύμβῳ

675 2016 786 2104 τούτῳ,
810 2015 901 2104 ἄωρα
926 2017 962 2081 τὰ
985 2016 1074 2082 τέκνα
1091 2018 1202 2107 γύσει.

227 2138 362 2204 tertio
384 2143 535 2222 quartove
557 2137 683 2204 saeculo
706 2157 725 2204 a
747 2137 940 2204 Kirchholfio
962 2139 1122 2207 tribuitur.

370 2258 489 2324 Deinde
510 2258 644 2340 lapidem
667 2256 700 2324 iu
724 2256 881 2342 Lycaonia
908 2257 1116 2342 repertumst)
1147 2259 1202 2343 qni
1232 2264 1265 2325 et
1292 2257 1362 2342 ipse
1389 2259 1500 2324 habuit
1526 2258 1558 2322 in
1588 2255 1650 2324 fine
1679 2257 1903 2325 exsecrationis

240 2378 440 2458 formulam,
464 2376 564 2460 primo
588 2397 626 2443 ex
640 2395 749 2442 versu:
774 2377 791 2440 l
808 2373 883 2451 θεὸς
906 2380 967 2440 τῶν
991 2378 1099 2462 φυλῶν
1111 2372 1232 2465 Ἰσραήλ
1248 2382 1337 2460 patet
1351 2377 1396 2444 eis
1411 2376 1605 2460 temporibus
1620 2382 1723 2442 ortum
1739 2395 1819 2457 esse,
1841 2395 1904 2461 quo

147 2555 149 2565 .
245 2496 427 2563 Iudaistac
449 2497 502 2578 qui
524 2496 718 2562 uocabantur
740 2493 904 2563 florebant.
950 2495 1073 2563 Similia
1095 2498 1250 2581 praebent
1272 2496 1356 2562 tituli
1380 2497 1453 2564 Meli
1480 2497 1511 2561 io
1540 2495 1728 2564 catucombis
1752 2492 1904 2560 Christia-

249 2633 378 2682 norum
408 2615 540 2699 reperti,
568 2633 646 2698 quoe
674 2617 758 2682 tertii
787 2621 843 2682 aut
872 2617 976 2698 quarti
1004 2616 1121 2685 sacculi
1150 2635 1219 2684 esse
1248 2616 1380 2685 Rossius
1409 2613 1568 2682 iudicavit
1620 2613 1760 2694 Quorum
1790 2611 1902 2698 clter¹)

254 2736 345 2803 hoec
367 2735 475 2802 babet:

668 2851 794 2942 Ὁρκίζω
817 2852 897 2940 ὑμᾶς
916 2855 960 2943 μὴ
974 2899 982 2916 .
996 2900 1026 2918 ..
1049 2851 1167 2920 ἐνθάθε
1189 2853 1360 2944 κατάθηται

672 2972 794 3063 μηδένα
819 2971 910 3038 πλέον
932 2971 1009 3058 ἐμοῦ
1033 2975 1086 3039 τού
1110 2975 1328 3064 πρεσβυτέρου
1352 2975 1513 3066 Μῆλωνος,

676 3093 704 3156 ελ
722 3094 767 3180 μή
792 3117 818 3157 τι
842 3091 946 3156 τέκνον
969 3097 1031 3158 τῶν
1054 3091 1148 3160 αὐτοῦ
1171 3093 1191 3184 ἢ
1214 3097 1268 3185 τὴν
1290 3095 1458 3180 σύγγαμον,

268 3211 380 3296 olterl)
409 3211 500 3278 valde
522 3218 572 3277 est
598 3212 742 3295 iusignia,
772 3212 856 3293 quod
878 3213 911 3277 in
933 3212 992 3279 boo
1013 3232 1076 3280 uno
1099 3214 1191 3282 titulo
1214 3221 1475 3283 commemoratur
1496 3213 1623 3297 genius,
1652 3230 1744 3298 quem
1779 3218 1901 3280 veteres

269 3328 438 3397 Christiani
458 3331 636 3400 hominibus
658 3332 776 3397 sanctis
797 3331 908 3399 adesse
931 3332 1212 3418 arbitrabantur:⁴)

954 3449 1020 3516 ἐπεὶ
1041 3450 1127 3536 γέμει
1150 3454 1184 3517 τὸ
1207 3449 1313 3542 opsloe
1335 3455 1435 3531 τούτο,

674 3567 821 3656 ένορκίζω
844 3569 924 3654 ὑμᾶς
946 3571 998 3634 τὸν
1020 3568 1085 3634 ὧδε
1108 3568 1273 3658 ἐφεστῶτα
1294 3571 1435 3656 ἄγγελον,

671 3689 716 3777 μή
740 3687 783 3764 τίς
806 3711 882 3754 ποτε
904 3685 1004 3777 τολμῇ
1024 3687 1141 3754 ἐνθάθε
1164 3691 1229 3754 τινὰ
1251 3688 1453 3756 καταθέσθαι.

270 3810 344 3876 Tum
359 3810 390 3874 io
406 3814 518 3891 quarto
533 3811 681 3894 quintove
695 3813 820 3881 saeculo
835 3831 854 3878 a
869 3809 1062 3879 Kircbholfio
1077 3812 1204 3895 ponitur
1218 3811 1380 3894 inscriptio
1394 3809 1426 3876 io
1443 3809 1599 3876 Salamine
1614 3809 1717 3876 insula
1731 3809 1898 3890 reportat)

271 3930 299 3995 in
320 3947 382 4014 quo
405 3927 578 3996 devotionis
601 3929 753 3998 formulae
776 3931 913 3999 usitatae

677 4052 713 4116 El
733 4051 770 4117 δέ
792 4072 836 4127 τις
859 4056 921 4116 τῶν
943 4052 1028 4117 toton
1050 4052 1069 4142 ἢ
1092 4052 1201 4138 ἕτερός
1224 4073 1268 4128 τις
1290 4051 1428 4142 τολμήσῃ

672 4173 765 4256 σῶμα
788 4170 982 4236 καταθέσθαι
1005 4151 1141 4238 ἐνταῦθα
1164 4171 1267 4257 παρὲξ
1287 4175 1349 4236 τῶν
1372 4170 1428 4236 δύο

672 4291 769 4378 ἡμῶν,
791 4289 883 4372 λύγον
905 4285 975 4380 δῴη
998 4299 1046 4378 τῷ
1067 4287 1138 4378 θεῷ

274 4403 427 4472 adduntur
440 4408 537 4474 verba
552 4407 735 4492 deprompta
750 4429 767 4475 e
782 4407 871 4474 Pauli
888 4410 1020 4492 epistola
1034 4411 1138 4492 priore
1160 4409 1200 4476 ad
1215 4408 1393 4476 Corinthios
1416 4407 1558 4490 missaz‘)
1582 4406 1630 4470 καὶ
1652 4403 1805 4490 ἀνάθεμα
1820 4404 1898 4492 ἤτω·

271 4521 462 4609 popularior,
486 4545 567 4609 qnae
590 4525 656 4622 lere
678 4527 774 4594 uerba
797 4527 889 4593 ctiam
912 4527 945 4593 iu
968 4528 1059 4595 titulo
1082 4549 1111 4594 n.
1129 4529 1212 4595 5292
1235 4529 1312 4595 satis
1335 4527 1478 4594 mutilato
1500 4524 1631 4606 legenda
1653 4530 1736 4590 suut.

367 4643 517 4711 Venimus
539 4646 580 4712 ad
604 4645 729 4712 titolum
750 4644 840 4712 Acris
857 4645 980 4713 Siclliae
1002 4665 1019 4712 e
1041 4649 1159 4731 cryptis
1182 4647 1347 4730 erutum')
1370 4648 1423 4728 qui
1445 4647 1485 4712 ad
1508 4643 1626 4712 saeculi
1648 4642 1750 4728 quinti
1771 4641 1897 4710 initium

275 4763 389 4830 ridetur
410 4764 582 4850 pertinere:

278 4896 467 4914 —n-.—

371 4966 393 5033 ¹)
410 4969 522 5026 παντο.
626 4968 650 5037 ²)
666 4971 781 5026 nossa
889 4972 912 5039 ι)
929 4975 1043 5030 noma
1162 4970 1410 5040 octrumum.
1429 4969 1602 5040 aponius:
1626 4962 1787 5025 ονεοιιιν
1806 4964 1895 5020 πάντα

276 5042 367 5110 κόσμον
385 5051 500 5120 ποιήσας
517 5053 560 5106 καλ
578 5053 612 5106 τὰ
630 5053 735 5123 ἐπίγεια
752 5053 906 5125 ἀνθρώποις
924 5055 1112 5118 ὑποτάξας...
1131 5057 1179 5128 τὴν
1197 5057 1246 5123 μὲν
1265 5057 1322 5110 τῶν
1341 5056 1494 5128 ἀνθρώπων
1512 5055 1622 5110 καὶτῶν
1636 5047 1817 5119 ύπύούμανὸν
1830 5049 1895 5120 πρύ-

276 5147 338 5184 νοισν
355 5132 486 5203 ἀγγέλοις,
503 5135 550 5198 οὓς
567 5137 611 5192 ἐπὶ
629 5138 738 5200 τούτοις
755 5137 845 5206 ἔταξε,
864 5140 1031 5212 παρέδωκεν.
1140 5142 1164 5211 ⁵)
1182 5157 1206 5195 n.
1219 5144 1295 5198 9303.
1397 5143 1454 5213 ⁶)1.
1472 5143 1531 5200 Gor.
1546 5145 1586 5214 16,
1603 5150 1645 5202 21.
1740 5133 1764 5203 1)
1781 5136 1895 5191 29473.
