4748 6524
1034 693 1074 757 15

688 891 777 968 ἔτους
799 895 1009 971 ὃιιιτπεύοντος
1032 897 1267 984 ἀκριβεστάτως

686 1013 953 1103 παραδραμούσης
971 1011 1119 1106 χιλιάδων
1141 1011 1259 1092 ἑξοῖὃος

684 1133 763 1198 ἐτῶν
786 1135 842 1199 σὺν
865 1133 971 1209 αὐταῖς
993 1135 1163 1209 ἑξακοσίων
1185 1138 1267 1200 ὅλων

683 1259 936 1342 τεσσαρακοστοῢ
959 1256 1015 1322 σὺν
1038 1255 1167 1340 ὀγδοάδι
1190 1259 1287 1322 πάλιν.

333 1373 482 1441 Nonnulli
505 1373 588 1440 tituli
611 1381 736 1458 praeter
758 1375 868 1441 mortis
891 1375 986 1455 diem,
1018 1375 1071 1441 alii
1092 1375 1175 1442 illius
1198 1378 1265 1444 luco
1289 1396 1359 1444 eum
1381 1378 1534 1460 praebent
1560 1379 1643 1445 diem
1665 1397 1727 1462 quo
1756 1381 1870 1466 aliquis

195 1493 373 1576 sepultus
389 1498 446 1574 est,
469 1495 523 1574 qui
546 1513 612 1562 mos
635 1513 705 1563 cum
727 1496 860 1561 maxime
882 1496 915 1562 in
937 1497 1131 1562 coemeteriis
1154 1497 1241 1563 urbis
1263 1498 1440 1564 inveniatur
1461 1499 1672 1580 antiquiorum
1695 1507 1870 1584 temporum

198 1613 399 1698 peculiaris
421 1613 546 1680 videtur
568 1631 646 1681 esse.
679 1613 716 1680 In
738 1613 870 1683 Graecia
891 1634 987 1680 unum
1011 1615 1163 1683 eiusmodi
1184 1617 1309 1682 titulum
1325 1618 1515 1701 habemus,¹)
1538 1618 1569 1684 in
1584 1619 1744 1688 occidente
1759 1620 1800 1686 ad
1815 1622 1870 1688 tri·

202 1736 328 1818 ginta,
351 1753 369 1801 e
391 1733 504 1815 quibus
527 1739 592 1800 tres
614 1734 812 1817 potissimum
834 1733 921 1819 digni
937 1740 1019 1816 sunt,
1041 1735 1095 1819 qui
1111 1744 1400 1814 commemorentur,
1423 1738 1497 1819 quia
1511 1757 1549 1805 en
1564 1737 1610 1804 eis
1625 1758 1688 1806 uno
1703 1741 1802 1807 solum
1819 1741 1870 1808 die

204 1855 408 1923 intermisso
419 1861 559 1923 mortuos
572 1874 590 1922 a
602 1855 760 1923 veteribus
776 1853 916 1938 sepultos
931 1873 1000 1921 esse
1014 1855 1221 1937 cognoscitur.
1249 1853 1354 1920 Primo
1369 1855 1483 1940 enim²)
1496 1847 1611 1944 Ἀγᾰθη
1627 1858 1791 1939 quaedam,
1803 1859 1869 1926 uita

209 1974 378 2043 defuncta
392 1973 593 2062 Παρασκεοῇ,
615 1974 753 2042 traditur
773 1975 902 2042 humata
917 1991 985 2040 esse
1001 1969 1200 2056 Σαββάτοις;
1223 1973 1302 2040 alter
1309 1973 1334 2056 ³)
1357 1975 1476 2041 indicat
1497 1976 1631 2058 aliquem
1647 1994 1717 2044 eum
1734 1979 1868 2044 animam

213 2094 367 2162 ediderit
389 2093 423 2158 ἐν
442 2096 515 2183 μηνὶ
536 2093 714 2181 llsprrr‘oo‘)
738 2093 819 2181 ἕκτη,
842 2099 927 2160 terra
949 2095 1096 2160 obrutum
1119 2112 1189 2160 esse
1213 2101 1253 2180 τῇ
1274 2091 1409 2180 ἑβδόμη
1433 2094 1465 2160 in
1487 2094 1581 2162 tertio
1603 2094 1771 2180 deniquel)
1787 2097 1868 2180 ¹Bas-

212 2232 279 2281 sus
306 2215 434 2296 quidam
456 2215 570 2281 dicitur
590 2220 758 2298 postquam
779 2212 979 2300 ἐτελεύτησεν
999 2213 1072 2300 μηνὶ
1091 2209 1219 2274 Ἰουλίαν
1242 2210 1328 2297 τρίτη
1353 2213 1417 2295 ἅμα
1440 2207 1580 2299 τετράδι,
1602 2215 1624 2279 i.
1648 2234 1675 2282 e.
1698 2215 1748 2284 die
1770 2217 1864 2283 tertio

216 2339 364 2430 exeunte
385 2339 498 2417 quarto
520 2335 657 2411 ineunte,
679 2334 840 2417 depositus
863 2351 932 2400 esse
955 2351 983 2398 a.
1007 2332 1037 2397 d.
1060 2329 1115 2400 lv.
1131 2330 1211 2396 Non.
1235 2327 1305 2410 Iul,
1334 2335 1371 2396 ut
1389 2330 1493 2397 minus
1508 2332 1550 2394 24
1564 2332 1658 2398 horas
1673 2335 1867 2402 intermissas

217 2451 328 2520 luisse
349 2457 501 2540 appareat
522 2453 605 2520 inter
626 2460 756 2522 mortem
779 2459 811 2521 et
832 2452 936 2519 funus.

332 2571 464 2655 Cetaria,
485 2591 555 2640 eum
578 2573 655 2639 nibil
677 2574 809 2641 doceant
832 2573 871 2639 de
897 2577 1038 2655 tempore
1060 2569 1260 2652 interposito,
1282 2569 1407 2634 omissis
1430 2569 1601 2636 transimus
1623 2570 1664 2635 ad
1686 2588 1739 2636 eos
1760 2571 1868 2638 titulos

222 2693 389 2776 plurimos,
411 2694 524 2777 quibus
544 2693 694 2774 quamdiu
715 2695 829 2778 aliquis
851 2694 884 2758 in
905 2693 970 2758 vita
991 2690 1087 2758 luerit
1109 2689 1275 2756 indicatur.
1320 2688 1366 2755 Ac
1393 2705 1614 2770 nonnunquam
1637 2688 1763 2769 quidem
1784 2707 1867 2756 sum-

223 2811 339 2878 matim
361 2811 403 2878 ad
425 2831 518 2895 quem
540 2813 654 2880 aetatis
677 2813 809 2895 gradum
832 2811 946 2894 uliquis
962 2809 1142 2895 pervenerit
1163 2809 1309 2886 traditur,
1332 2805 1366 2872 id
1388 2806 1472 2889 quod
1494 2805 1582 2874 verbi
1597 2824 1693 2874 causa
1714 2809 1866 2891 praebent

224 2939 463 3000 monumentum
485 2931 563 3000 illud
585 2933 732 3000 Panormi
754 2931 964 3018 repertumst)
992 2931 1095 2997 iacere
1117 2928 1161 2996 ibi

691 3085 1076 3103 -----
1113 3047 1287 3134 Θεοὸούλην

688 3170 848 3237 θανοῦσαν
870 3169 904 3233 ἐν
927 3170 1021 3258 γηραι
1044 3175 1091 3254 τῷ
1111 3161 1285 3252 βαθυτάτῳ

230 3295 262 3356 et
283 3291 394 3358 titulus
416 3309 437 3358 a
458 3290 592 3359 Graecia
612 3290 813 3374 oriundusz⁷l

680 3407 802 3472 Tordov
824 3408 1000 3496 γευσαμένη
1021 3407 1131 3492 βιοτοῦ
1154 3407 1261 3493 φωτὸς
1283 3401 1401 3472 ἐνθάδε
1424 3409 1533 3489 κεῖμαι,

233 3527 280 3593 cni
300 3528 426 3608 quidem
448 3527 541 3594 titulo
565 3533 670 3594 certus
692 3546 844 3594 annorum
867 3545 1016 3594 numerus
1038 3525 1120 3592 infra
1142 3525 1319 3607 adscriptus
1343 3530 1400 3590 est.
1436 3524 1516 3590 Sunt
1537 3542 1672 3607 quoque,
1694 3527 1726 3590 in
1749 3525 1861 3610 quibus

234 3645 330 3712 obiter
352 3647 526 3726 computati
549 3647 612 3712 sint
634 3648 715 3727 anni,
739 3649 827 3714 cuins
850 3647 895 3713 rei
917 3651 954 3712 ut
975 3644 1116 3728 exempla
1138 3643 1287 3712 nonnulla
1302 3643 1430 3710 aderam
1453 3642 1619 3709 babemus:
1650 3642 1862 3732 (ἐτελεύτησεν

237 3763 369 3848 ὁὸεῒνα)
393 3765 491 3853 ζήσας
510 3767 619 3852 μικρὸν
642 3767 720 3853 πρὸς
742 3764 796 3854 ἔτη
820 3755 884 3850 ι’ῧῧ)
907 3767 956 3832 vel
980 3765 1103 3854 ζήσασα
1120 3762 1173 3852 ἔτη
1193 3754 1230 3852 ἦ
1249 3763 1323 3826 οὐδὲ
1342 3757 1445 3847 μεστά
1452 3761 1495 3845 3⁹)
1518 3762 1604 3828 aliud
1628 3771 1861 3831 monumentum

237 3883 365 3966 positum
387 3889 437 3950 est
460 3881 555 3970 τέκνῳ
569 3888 613 3973 μὴ
637 3887 834 3973 τληρώσαντι
857 3885 933 3950 δοιὼ
957 3883 1010 3972 ἔτη
1019 3887 1076 3969 ¹⁰);
1098 3884 1225 3965 saepius
1247 3883 1375 3949 additur
1395 3881 1486 3945 πλέον
1503 3879 1651 3950 ἔλασσον;
1675 3879 1784 3970 ἔζησεν
1807 3883 1860 3971 ’ἔτη

238 4003 320 4067 πλέον
342 4000 468 4067 ἔλαττον
486 3991 514 4066 ’λ’
515 4005 552 4088 11)
574 4023 654 4086 quae
677 4005 811 4073 formula
833 4005 908 4086 qnid
930 4003 1122 4087 significaret
1143 4006 1303 4087 ignorasse
1330 4003 1455 4069 videtur
1481 4003 1509 4068 is
1531 4003 1585 4083 qui
1607 4003 1713 4085 posuit
1734 4003 1860 4069 titulum

238 4141 264 4186 n.
279 4122 367 4201 9137,
391 4141 461 4190 cum
478 4123 595 4192 diceret
618 4123 711 4213 ἔζησε
734 4123 788 4215 ἔτη
809 4111 934 4188 νπλέον
957 4121 1083 4188 ἔλαττον
1095 4129 1198 4212 μῆνας
1220 4148 1238 4206 γ
1262 4123 1382 4212 ἡμέρας
1405 4121 1583 4187 δεκαπέντε.
1618 4121 1764 4203 Plerique
1786 4141 1859 4189 vero
1938 4111 1939 4116 ἵ

237 4239 318 4305 buius
339 4241 463 4324 generis
485 4243 569 4308 tituli
592 4243 827 4326 diligentissime
849 4265 910 4310 non
933 4245 1025 4311 modo
1047 4251 1126 4327 quat
1146 4244 1279 4325 quisque
1301 4245 1458 4326 peregerit
1472 4261 1580 4324 annos,
1604 4242 1659 4309 sed
1675 4243 1768 4308 etiarn
1784 4248 1861 4325 quot

240 4375 346 4425 nenses
368 4365 401 4428 et
422 4361 490 4428 dies
513 4363 620 4444 edunt,
643 4381 680 4429 ac
703 4363 751 4430 vel
773 4368 856 4445 sunt,
878 4364 933 4446 qui
956 4369 991 4430 ut
1007 4365 1117 4430 mortis
1132 4363 1251 4444 horem,
1274 4364 1318 4429 sic
1333 4363 1448 4429 aetatis
1464 4382 1588 4446 quoque
1603 4362 1695 4428 horas
1709 4362 1858 4429 indicent.

239 4477 369 4546 Notabile
390 4499 465 4547 vero
487 4487 545 4563 est,
567 4501 711 4565 magnam
732 4483 792 4550 hac
814 4502 939 4566 quoque
960 4483 992 4548 in
1014 4503 1049 4549 re
1070 4483 1265 4550 intercedere
1288 4481 1572 4550 dissimilitudinem
1593 4483 1674 4549 inter
1690 4481 1860 4550 occidentis

239 4595 440 4681 inscriptiones
462 4605 557 4682 atque
586 4602 730 4687 orientis3
759 4621 831 4670 uam
860 4621 931 4670 cum
958 4599 1058 4685 ipsius
1086 4602 1173 4670 urbis
1200 4603 1271 4685 plus
1299 4603 1461 4685 octoginta
1487 4602 1570 4669 tituli
1597 4602 1636 4668 de
1665 4606 1859 4668 mortuorum

244 4787 427 4802 -n—-ss

323 4927 346 4990 ¹)
362 4941 387 4980 n.
400 4929 476 4981 clau.
596 4925 663 4994 θα.
676 4927 753 4982 otta.
873 4925 896 4990 ⁸)
913 4943 939 4980 n.
951 4929 1028 4982 9886.
1149 4931 1173 4999 ⁴)
1191 4929 1235 4984 Sic
1253 4928 1382 4998 scriptum
1400 4937 1441 4986 est
1458 4945 1508 4999 pru
1525 4928 1588 5001 μηνὶ
1606 4927 1737 5001 Περιτὶῳ;
1763 4929 1856 4985 eodem

242 5002 303 5060 nodo
318 5021 343 5059 n
355 5009 436 5079 9873,
461 5025 541 5079 quem
559 5010 649 5064 statim
673 5007 833 5073 offeremus,
857 5007 957 5078 legitur
973 5009 1036 5082 μηνὶ
1053 5009 1178 5084 loollou,
1201 5030 1227 5070 n.
1239 5017 1319 5070 9891:
1343 5015 1408 5088 μηνὶ
1431 5013 1566 5087 navemn.
1702 5015 1725 5084 6)
1743 5031 1769 5069 n.
1781 5017 1856 5072 9878.

242 5091 374 5156 alndbtld.
477 5096 630 5164 ⁷)u9802.
733 5095 756 5163 8)
774 5095 888 5152 ubios„
990 5095 1013 5165 9)
1031 5100 1144 5154 nabitu.
1248 5099 1284 5166 ιο)
1302 5115 1327 5156 n.
1340 5101 1417 5158 atat.
1517 5100 1685 5169 ninutas.
