4748 6524
942 714 1134 810 ΛΞ)..-

211 915 329 982 tilulus
344 934 403 982 non
420 915 606 996 reperiatur,
629 915 713 980 illius
737 933 810 979 orae
825 915 991 996 peculiaris
1014 915 1233 994 videturesse,
1256 915 1418 996 simileque
1435 916 1598 997 quiddam:
1628 916 1758 1000 (leodos
1781 918 1855 984 aad·

211 1033 304 1100 endec
331 1035 348 1096 ὁ
377 1033 477 1115 δεῖνα)
506 1034 715 1118 sponsaliae
745 1037 798 1096 τοῦ
821 1031 896 1096 καύ1’
920 1035 1001 1120 ἡμᾶς
1022 1031 1138 1116 βίου.)
1172 1034 1251 1100 Tum
1273 1033 1397 1100 illorum
1420 1034 1572 1102 admoneo
1589 1037 1764 1117 verborum,
1787 1037 1854 1122 qni·

209 1152 278 1220 bus
300 1152 366 1217 vita
388 1151 592 1234 perigrinatio
620 1171 689 1218 esse
716 1151 909 1232 declaratur,
939 1172 1002 1234 que
1031 1159 1159 1233 peracta
1187 1153 1328 1220 homines
1356 1155 1537 1236 peripsam
1567 1160 1697 1222 mortem
1726 1174 1856 1238 corpore

212 1270 316 1336 soluti
338 1271 377 1336 ad
401 1271 545 1352 proprias
567 1271 659 1337 sedes
682 1269 820 1350 evolent,
850 1269 947 1338 veluti
970 1269 1069 1354 Syrus
1092 1272 1218 1352 qnidam
1242 1271 1282 1336 de
1304 1289 1338 1336 se
1360 1271 1427 1352 ipse
1456 1269 1635 1354 profitetur:
1671 1271 1856 1361 ἐπεδήμησα

213 1389 331 1470 καλῶς,
356 1387 438 1478 dida
461 1389 571 1466 καλῶς,
594 1393 693 1472 κεῖμαι
716 1389 865 1472 sannen)
888 1390 997 1456 eadem
1020 1390 1085 1457 lere
1107 1391 1263 1456 sententia
1285 1389 1444 1472 protertur
1466 1390 1570 1458 verbis
1586 1410 1603 1456 e
1618 1391 1708 1456 Pauli
1723 1391 1857 1474 epistola

212 1509 321 1575 altera
336 1507 376 1573 nd
392 1507 571 1574 Corinthios
587 1508 713 1591 missa⁸)
729 1508 852 1592 politis:
871 1509 904 1572 τὸ
920 1509 1041 1596 matina
1057 1513 1169 1596 ακῆνος
1184 1507 1336 1596 ἀπελύθη,
1352 1515 1385 1575 ot
1399 1528 1483 1576 mox:
1506 1507 1626 1596 ἀπέστη
1642 1514 1703 1573 τῶν
1719 1509 1855 1576 ἐνταῦθα

215 1627 473 1691 πολοοτενοίκταο
489 1627 630 1709 ausono)
655 1627 773 1693 cPetri
788 1635 893 1694 autem
910 1627 1042 1710 epistole
1056 1627 1193 1710 priare'l)
1217 1629 1434 1711 depromptum
1451 1627 1585 1708 videtur,
1609 1629 1693 1711 quod
1715 1631 1747 1694 in
1764 1630 1855 1695 titulo

216 1745 391 1828 Asiaticcl)
414 1743 528 1827 aliquis
545 1745 660 1812 dicitur
676 1765 693 1809 e
709 1747 773 1811 vita
788 1746 961 1812 decessisse
984 1748 1177 1833 παροικὴαας
1200 1747 1233 1810 ἐν
1257 1745 1305 1833 τῷ
1328 1747 1413 1832 τόπῳ
1437 1746 1537 1832 τούτῳ
1561 1744 1624 1833 ἔα).
1642 1795 1649 1810 .
1666 1795 1698 1811 ..
1732 1747 1856 1814 Pariter

215 1863 306 1930 tituli
329 1865 468 1930 nonnulli
484 1865 574 1930 Acris
597 1864 714 1948 reperti
736 1871 893 1932 mortuum
916 1868 947 1932 in
970 1873 1149 1932 sanctorum
1173 1869 1263 1934 sedes
1283 1867 1455 1950 prolectam
1472 1885 1541 1934 esee
1557 1867 1733 1932 declarant:
1755 1872 1860 1956 χωρεῖ

217 1981 1855 2072 άηῲωὼώώωΜψῲωωωψα)αΜωΜωωαωωωωωα

216 2099 424 2184 memorerm)
447 2101 634 2183 superstites
656 2103 696 2170 ab
719 2102 884 2186 episcopa·
898 2103 952 2187 qui
975 2105 1063 2184 quasi
1087 2105 1149 2170 dux
1172 2104 1293 2171 itineris
1316 2103 1420 2182 luerit,
1443 2105 1584 2170 desertos
1607 2122 1677 2170 sese
1697 2122 1767 2170 esse
1782 2124 1853 2188 que-

206 2201 347 2286 runtur:
378 2218 501 2306 ἀπέδρα
516 2215 692 2308 'drippione
1426 2239 1427 2242 ’

322 2338 391 2404 Non
407 2340 509 2406 minus
525 2341 614 2406 decet
628 2341 783 2408 hominem
800 2340 1010 2408 Christianum
1027 2341 1111 2424 quod
1131 2341 1163 2406 in
1187 2341 1296 2407 eodem
1319 2341 1413 2407 titulo
1435 2343 1498 2408 vita
1520 2340 1578 2405 Dei
1597 2341 1712 2406 donum
1733 2340 1855 2424 ipsique

217 2457 378 2525 reddenda
408 2476 476 2524 esse
504 2459 633 2525 dicitnr:
667 2461 715 2522 σοὶ
745 2462 798 2545 τὴν
829 2459 954 2544 δωρεὰν
977 2459 1198 2544 ἀναπέμπομεν
1222 2458 1266 2546 τῷ
1286 2461 1377 2546 πατρὶ
1398 2461 1446 2522 καὶ
1475 2455 1522 2544 τῷ
1548 2456 1605 2544 υἱῷ
1635 2460 1682 2520 καὶ
1710 2457 1755 2542 τῷ
1777 2458 1854 2544 ἁγίῳ

219 2575 378 2661 πνεύματι,
400 2583 456 2641 aut
478 2576 562 2659 quod
584 2577 694 2644 titulus
715 2579 747 2644 in
763 2578 922 2662 Lycaonia
945 2579 1134 2662 repertus¹⁰)
1155 2580 1295 2661 praebet,
1319 2579 1452 2660 aliquem
1469 2577 1570 2644 aDeo
1590 2581 1748 2660 receptum
1772 2595 1854 2644 esse:

804 2697 975 2782 δοκιμάσας
997 2696 1073 2772 θεὸς
1095 2697 1261 2783 σαόφρονα

804 2815 905 2878 εἵλατο
929 2814 1040 2878 δοῦλον
1062 2813 1175 2902 αἰθέρι.

218 2932 391 3016 similisque
406 2950 499 3014 qnam
515 2939 751 3001 monumentum
767 2931 950 3017 Sicnlnmu)
974 2933 1100 3002 exhibet
1116 2936 1287 3000 sententio:
1322 2937 1421 3024 ψυχὴν
1437 2935 1557 3000 δέδωκε
1574 2937 1684 3024 χερσὶν
1706 2933 1855 3018 ἀγγέλων,

220 3057 315 3132 atque
341 3053 414 3120 hoc:
446 3057 547 3120 morte
575 3052 695 3120 finitam
722 3071 791 3120 esse
820 3055 916 3118 vitam
938 3053 1033 3120 huius
1060 3054 1166 3136 spatii,
1196 3054 1334 3137 incipere
1361 3073 1466 3122 veram
1493 3055 1606 3136 dmm,
1636 3055 1720 3138 quod
1746 3055 1778 3120 in
1808 3073 1854 3122 se·

220 3171 328 3252 pulcro
343 3171 523 3254 Phrygiam)
546 3172 697 3240 habemns
712 3173 814 3255 posito
837 3171 944 3240 liberis
960 3176 1022 3246 τοῖς
1044 3173 1113 3236 ὑπὸ,
1126 3172 1180 3238 ἕνα
1202 3175 1308 3260 καιρὸν
1330 3173 1485 3262 ὀνηῦεῖοκν
1508 3176 1543 3238 τὸ
1566 3180 1620 3262 τῆς
1643 3175 1726 3263 ζωῆς
1745 3173 1853 3259 μέρος.

220 3285 306 3354 Mors
322 3289 455 3370 denique
470 3307 541 3356 aum
559 3309 642 3356 nunc
665 3291 842 3356 nominatur
865 3291 883 3379 ὴ
907 3290 942 3355 ἐκ
962 3291 1034 3374 βίου
1058 3291 1106 3356 ἐπὶ
1129 3292 1183 3382 τὴν
1206 3293 1400 3381 δικαιοσύνην
1419 3293 1636 3382 μεταβολὴ,11)
1659 3313 1742 3360 nunc
1764 3293 1853 3356 κατά·

222 3429 328 3492 παομα
351 3411 412 3472 τῶν
432 3412 563 3495 μακρῶν
586 3407 746 3492 πόνον,11)
769 3429 807 3476 ex
828 3410 878 3478 his
900 3411 975 3496 ipsis
998 3409 1259 3494 appellationibus
1282 3413 1321 3480 de
1343 3431 1438 3480 sensu
1461 3411 1712 3478 Christianorum
1735 3412 1854 3496 aliquid

221 3527 499 3608 mmmdpmm

324 3644 369 3710 Ut
397 3662 471 3710 vera
500 3645 561 3711 iam
591 3647 629 3713 de
655 3649 851 3730 quaestione,
885 3668 979 3733 quam
1007 3650 1111 3732 paullo
1140 3656 1213 3718 ante
1240 3653 1406 3732 movimus,
1440 3651 1617 3718 accuratius
1646 3650 1851 3733 disputemus,

223 3762 387 3846 Dryander
409 3763 534 3843 quidem
556 3766 587 3831 in
610 3766 714 3834 libello
737 3769 824 3834 brevi
846 3770 960 3838 abhinc
982 3777 1121 3854 ternpore
1144 3772 1270 3855 edil0¹⁵)
1294 3777 1326 3838 et
1347 3771 1549 3852 Kreusinsll)
1572 3771 1617 3836 ite
1640 3770 1799 3836 disserunt
1814 3770 1854 3834 da

223 3901 273 3963 ea,
300 3887 337 3948 ut
359 3880 554 3950 Christianos
576 3885 716 3952 homines
738 3888 863 3954 omuino
886 3907 948 3956 nnn
970 3889 1088 3956 luxisse
1110 3889 1263 3973 explicent
1284 3896 1415 3958 mortem
1438 3906 1582 3969 suoram,
1611 3889 1666 3956 sed
1693 3907 1749 3970 spe
1771 3889 1854 3952 vitae

224 4007 369 4069 aeternae
392 4008 512 4068 erectos
533 4003 583 4069 vel
604 4004 795 4086 voluptatem
818 4008 938 4090 cepisse
960 4027 978 4074 e
1000 4010 1130 4074 decessu
1153 4025 1270 4075 eorum.
1315 4009 1384 4087 Qua
1405 4008 1437 4074 in
1459 4027 1494 4074 re
1521 4007 1626 4074 nescio
1648 4025 1689 4072 an
1712 4005 1771 4073 viri
1793 4005 1855 4071 eln-

224 4123 347 4204 nissimi,
369 4123 506 4204 provecti
522 4123 626 4189 studio
648 4125 794 4191 laudibus
809 4126 1015 4193 tollendorum
1031 4127 1154 4210 pristini
1174 4130 1243 4194 aevi
1258 4126 1516 4207 Christianorum,
1532 4144 1552 4191 a
1566 4125 1700 4192 veritate
1715 4124 1854 4206 paullum

225 4242 1855 4329 mmmmmfflmmmmmmmmmmmmmmmm

225 4379 333 4428 norum
356 4363 462 4430 titulos
484 4381 668 4445 cognoscam
684 4364 941 4447 subscribamqne
955 4365 1091 4432 Kreusis
1106 4367 1245 4433 censenti
1259 4365 1453 4432 Christianos
1474 4365 1511 4431 in
1533 4363 1750 4430 universnm
1773 4381 1855 4428 mor·

224 4486 294 4562 tem,
318 4483 515 4566 quippequae
535 4482 684 4548 divinitus
698 4483 831 4563 accidat,
854 4501 953 4564 aequo
976 4485 1078 4550 animo
1102 4485 1219 4550 tulisse.
1254 4483 1296 4550 Aa
1318 4503 1408 4569 nego,
1430 4484 1464 4550 id
1486 4484 1569 4565 quod
1593 4482 1755 4564 Dryander
1777 4481 1853 4562 vult,

223 4604 298 4668 adeo
321 4600 606 4668 achrislianorurn
627 4601 768 4668 moribus
789 4601 991 4668 abhorruisse
1012 4601 1264 4684 lamentationes,
1287 4610 1323 4670 ut
1345 4623 1384 4670 ne
1405 4605 1437 4668 in
1460 4622 1521 4669 uno
1543 4602 1668 4684 quidem
1691 4600 1783 4666 tilulo
1806 4618 1854 4665 oc-

227 4741 420 4750 ---—-.--..

324 4827 346 4888 1)
366 4827 480 4880 nassa
620 4823 643 4888 2)
660 4839 686 4878 n.
699 4826 775 4878 9151.
920 4823 943 4889 ³)
960 4823 996 4876 11.
1015 4822 1074 4877 eor.
1087 4828 1154 4892 aa
1303 4828 1326 4895 ⁴)
1344 4829 1456 4880 nerra.
1604 4819 1793 4888 ⁵)1.Petr.a,
1814 4823 1853 4874 11.

227 4903 247 4968 ⁶)
264 4919 291 4958 n.
303 4909 377 4962 9259.
506 4909 528 4976 1)
545 4923 571 4962 n.
584 4909 659 4963 9472.
797 4907 820 4976 8)
838 4923 864 4961 n.
876 4908 951 4962 9473.
1087 4909 1110 4976 ⁹)
1129 4925 1154 4962 n.
1167 4913 1242 4965 9121.
1380 4912 1415 4978 10)
1432 4926 1457 4962 n.
1471 4911 1547 4964 9269.
1685 4907 1720 4973 11)
1738 4921 1764 4959 u.
1776 4909 1852 4960 9540.

227 4987 261 5058 ¹²)
278 5005 304 5042 n.
317 4993 391 5047 9266.
504 4996 538 5061 11)
555 4995 668 5048 andin.
780 4993 815 5058 ¹4)
833 4995 945 5046 n.9438.
1060 4994 1095 5058 1⁵)
1114 4992 1183 5046 »nin
1200 4995 1305 5049 Besuch
1322 4994 1349 5049 in
1367 4995 1419 5050 den
1436 4993 1586 5048 romischen
1603 4990 1805 5046 Kataknmbcnr
1825 4991 1853 5044 in

228 5074 559 5150 »neuneu-evangeliscne
577 5075 696 5132 Blatter«
715 5093 766 5131 von
784 5076 936 5147 Beyschlag
953 5075 1007 5130 und
1026 5075 1143 5132 Wolters
1160 5081 1254 5152 Jahrg.
1267 5083 1288 5136 l.
1306 5082 1372 5135 Hel't
1383 5085 1407 5135 2.
1545 5080 1580 5148 11)
1599 5077 1615 5130 l.
1634 5077 1651 5128 l.
1668 5093 1694 5145 p.
1707 5079 1758 5130 420
1768 5092 1806 5144 sq.

1648 5169 1666 5216 4
