4748 6524
1263 601 1284 674 t

459 805 579 872 enimos
602 803 784 872 alliciendos
805 809 880 886 epta
903 808 977 870 sunt
999 803 1125 870 nomina
1145 808 1348 874 mortuorum.
1381 803 1589 872 Paucissimos
1611 801 1721 870 titulos
1744 820 1824 883 esse,
1845 803 1877 870 in
1900 801 2014 888 quibus
2033 822 2094 870 non

458 923 629 993 indicatum
652 924 696 989 sit
716 941 843 1004 nomeu,
873 928 1117 992 consentaneum
1140 928 1199 990 est.
1243 926 1287 990 At
1306 929 1396 993 sunt:
1424 940 1527 1004 neque
1549 923 1580 986 in
1603 919 1642 988 iis
1670 921 1823 1004 sepulcris
1850 921 1944 990 modo
1970 923 2097 993 nomina
2139 985 2143 992 .

457 1043 572 1110 omisso
586 1061 655 1110 csse
670 1046 802 1123 constet,
819 1043 849 1110 io
867 1042 982 1124 quibos
998 1040 1166 1110 multorum
1182 1042 1341 1110 hominum
1357 1060 1487 1126 corporo
1502 1041 1633 1115 humato
1648 1047 1731 1122 sunt,
1746 1041 1778 1108 id
1793 1041 1877 1126 quod
1892 1042 2095 1125 Prudentio¹)

458 1167 585 1229 auctore
602 1163 727 1244 saepius
750 1161 867 1236 lectum
890 1167 947 1242 est,
970 1160 1026 1226 sed
1049 1160 1143 1228 etiam
1166 1161 1197 1228 in
1221 1161 1305 1244 uliis3
1335 1161 1422 1228 velut
1443 1161 1475 1228 in
1497 1161 1589 1228 titulo
1611 1161 1746 1244 quodum
1770 1159 1996 1244 sponsane)
2019 1160 2095 1228 nihil

456 1281 573 1364 legitur
600 1287 725 1364 praeter
751 1281 874 1363 signum
903 1279 981 1356 illud
1012 1247 1070 1404 ᾗ,
1097 1281 1181 1364 quod
1210 1299 1443 1363 monogramma
1465 1279 1583 1346 Christi
1605 1279 1757 1364 appellari
1778 1281 1875 1363 colec
1902 1279 1934 1348 iu
1958 1281 2097 1349 Romano

457 1419 627 1501 quodam)
655 1417 755 1486 solum
780 1418 799 1480 l
822 1419 863 1492 Χ,
886 1420 918 1488 θ.
942 1419 976 1484 Υ.
999 1418 1053 1496 C.‚
1075 1420 1190 1502 quibes
1211 1417 1327 1484 litteris
1349 1419 1446 1484 verbs
1464 1415 1585 1505 Ἰοσοῦς
1611 1419 1744 1503 liproric
1774 1417 1853 1482 θεοῦ
1880 1415 1909 1480 Y
1908 1417 1954 1491 iic
1980 1415 2096 1504 Σωτήρ

457 1538 675 1622 antiquissimo
698 1556 775 1609 seve
795 1537 969 1622 significata
990 1557 1060 1605 esse
1081 1556 1172 1604 nemo
1193 1539 1326 1620 ignorat.
1360 1537 1481 1604 Deinde
1494 1535 1645 1606 nonnulis
1658 1541 1860 1604 monomenta
1873 1534 2098 1620 Hierosolymis

451 1658 615 1741 .rrpsrts⁴)
637 1659 801 1724 nominum
819 1657 888 1723 loco
910 1658 1062 1739 praebent
1084 1655 1247 1722 formulam
1269 1656 1328 1743 Τῆς
1349 1655 1437 1738 ἁγίας
1452 1653 1536 1720 Σιών
1552 1655 1602 1722 rel
1619 1655 1730 1742 Μνῆμο
1747 1659 1801 1742 τῆς
1815 1654 1903 1736 ἁγίας
1919 1653 2011 1736 Σιών,
2033 1671 2097 1735 quo

458 1776 669 1844 Kirchhoilius
691 1783 777 1842 recte
800 1779 932 1842 adnotat
953 1775 1124 1859 significari
1143 1779 1249 1858 jacere
1270 1777 1301 1842 in
1321 1777 1360 1842 iis
1380 1775 1483 1843 reives
1504 1774 1649 1842 coelestis
1667 1773 1749 1840 illius
1765 1772 1904 1842 civitatis
1919 1773 2097 1855 Hierosoly·

459 1912 580 1962 mornm
602 1913 753 1964 novorum
777 1894 903 1962 loturae
924 1897 956 1962 in
979 1901 1117 1962 extreme
1138 1912 1244 1960 rerum
1265 1896 1540 1974 consummatione,
1561 1899 1671 1977 utpote
1686 1893 1883 1960 Christianae
1904 1891 1978 1960 fidei
1998 1894 2096 1962 aseris

459 2016 629 2082 initiatos«
677 2014 897 2096 Compluribus
919 2015 1053 2099 deniqne
1075 2013 1299 2096 nominitant)
1323 2013 1450 2080 nomine
1470 2019 1623 2080 tacentur.

562 2133 625 2200 Sed
653 2133 803 2216 pleraque
824 2139 1033 2215 monumento,
1063 2140 1100 2200 ut
1128 2135 1209 2216 dixi,
1237 2131 1366 2202 nornine.
1390 2135 1606 2202 defunctorum
1627 2135 1790 2218 praebeat
1833 2135 1921 2214 Quae
1942 2136 1969 2200 si
1990 2135 2096 2217 paullo

460 2252 638 2318 accuratius
660 2252 764 2318 animo
785 2253 1090 2336 perlustraremus,
1111 2254 1170 2320 hoc
1191 2255 1326 2334 primum
1348 2255 1445 2320 oculis
1468 2257 1620 2334 occurret
1641 2255 1801 2320 rarissime
1822 2255 1884 2320 duo
1906 2255 2022 2320 mortui
2043 2271 2096 2320 no·

460 2372 553 2451 mina,
576 2389 735 2452 nunquam
758 2373 823 2438 lero
845 2373 907 2439 trio
927 2372 1043 2439 litteris
1065 2371 1214 2439 mandata
1229 2390 1307 2451 csse,
1331 2373 1478 2455 quodque
1493 2373 1830 2458 lirensius'aifirmsi‘)
1852 2379 1924 2458 post
1938 2373 2095 2440 saeculum

461 2492 588 2558 tertium
612 2511 673 2558 non
695 2493 757 2558 iam
781 2493 844 2560 trie
864 2497 1007 2573 nomine,
1034 2497 1147 2574 quarto
1169 2491 1258 2558 inito
1281 2511 1320 2558 ns
1342 2492 1404 2560 duo
1433 2488 1559 2574 quidem
1586 2493 1687 2560 indite
1715 2513 1784 2562 esse
1810 2493 1986 2562 hominibus
2008 2491 2097 2558 Chri·

462 2612 581 2692 stinnis‚
605 2612 655 2678 his
670 2617 757 2678 certe
776 2613 875 2681 titulis
897 2611 1072 2678 luculenter
1094 2613 1331 2695 comprobatum
1353 2612 1503 2696 pleraque
1525 2615 1606 2680 enim
1629 2634 1710 2699 quac
1733 2617 1795 2682 duo
1816 2617 1943 2682 nomino
1961 2621 2096 2682 mortuo

464 2751 532 2797 rum
556 2731 704 2798 exhibent
725 2735 927 2802 monumenta
947 2751 965 2800 e
987 2733 1182 2798 coemeteriis
1204 2733 1292 2800 urbis
1313 2739 1388 2800 sunt
1410 2733 1533 2809 effossa,
1556 2741 1728 2803 ceterorum
1752 2736 1804 2800 vir
1826 2734 1921 2800 ullum
1940 2737 2098 2817 reperitur

463 2851 522 2916 hoc
537 2851 628 2917 modo
644 2857 870 2934 comparatum.
903 2851 1016 2930 Quoia
1032 2869 1162 2918 numero
1177 2854 1316 2920 aoteeds
1330 2859 1404 2920 suot
1425 2873 1472 2935 co,
1494 2873 1577 2938 quac
1598 2855 1725 2920 nomina
1745 2853 1877 2920 alicuius
1900 2860 1932 2920 et
1946 2852 2097 2920 christia

468 2987 543 3036 num
567 2976 599 3036 st
620 2989 775 3054 pagorum
797 2971 950 3053 praebent
971 2972 1058 3038 uelut
1078 2992 1110 3038 n.
1125 2973 1210 3040 9568
1232 2992 1251 3040 c
1272 2974 1457 3042 coemeterio
1480 2973 1512 3040 S.
1535 2975 1665 3057 Agnetis
1687 2977 1813 3040 erutus:

669 3090 751 3156 Ὶοολ.
775 3091 1002 3179 Καλλίμορφος,
1022 3089 1259 3181 ἸονλὶαἈγιίῦο
1277 3089 1398 3178 Ἰουλίῳ
1422 3093 1591 3180 θοοδώρφ,
1615 3093 1633 3156 d
1656 3096 1703 3156 καὶ
1726 3091 1869 3176 Εὐγάμις,

851 3210 920 3298 ἰδίῳ
943 3211 1039 3297 τέκνῳ
1061 3213 1251 3298 riccundem,
1274 3217 1374 3295 γονεῖς
1397 3212 1587 3301 incipentes)

467 3330 541 3396 Trio
562 3347 636 3395 vero
657 3332 784 3398 nomine
805 3350 886 3398 unus
908 3332 1019 3399 titulus
1040 3331 1137 3398 habet
1157 3330 1410 3414 Florentinus:⁸)

1263 3469 1301 3534 M.

674 3584 801 3660 Λούκιος
826 3585 962 3670 Φλάβιος
983 3587 1105 3662 Kition
1127 3587 1226 3676 ζήσας
1248 3577 1366 3676 {epo}
1381 3588 1470 3674 ὥραν
1490 3587 1562 3669 μίαν
1579 3589 1699 3677 χαίρειν
1722 3594 1786 3664 τοῖς
1806 3590 1882 3656 ἄνω.

469 3724 561 3787 quem
582 3704 790 3772 Kirchlrolfius
813 3707 937 3789 quidem
961 3705 1146 3774 Christianis
1168 3709 1363 3774 eximendum
1386 3701 1502 3775 censet!
1534 3707 1624 3786 Quod
1647 3725 1719 3774 num
1743 3727 1762 3774 a
1783 3711 1821 3774 V.
1844 3709 1891 3775 ct.
1914 3717 1998 3777 recte
2018 3709 2097 3774 iudi·

434 3819 437 3826 ⁴
470 3829 575 3891 catum
597 3825 640 3890 sit
662 3825 802 3906 equidem
827 3826 945 3892 dubito.
979 3825 1086 3893 Verba
1107 3829 1187 3894 enim
1205 3827 1326 3915 χαίρειν
1346 3831 1409 3902 τοῖς
1430 3827 1496 3890 ἄνω
1513 3829 1540 3893 si
1555 3827 1595 3894 sb
1610 3827 1733 3894 homins
1748 3847 1871 3912 pagens
1885 3831 1999 3911 scripta
2013 3833 2095 3906 sunt,

574 4085 598 4151 ¹)
615 4081 741 4138 Prudent.
760 4081 907 4152 Peristeplr.
925 4081 1014 4150 hymn.
1026 4080 1073 4136 XI.
1092 4081 1165 4136 Pena.
1182 4080 1322 4150 Hippolyti
1340 4078 1373 4143 V,
1390 4083 1407 4134 8
1424 4095 1494 4149 sqq.:

880 4167 948 4222 Sunt
965 4172 993 4221 st
1010 4167 1095 4222 multe
1112 4173 1201 4220 tomen
1219 4166 1316 4220 tacitas
1333 4164 1484 4219 claudentia
1502 4163 1608 4219 tumbas

931 4253 1075 4319 Marmore,
1094 4267 1162 4323 quos
1179 4251 1264 4306 solnm
1282 4249 1432 4320 significent
1447 4265 1595 4305 nnmerum.

883 4339 1091 4407 quentovicum
1108 4339 1215 4393 iaceant
1231 4337 1365 4406 congestis
1383 4351 1497 4406 corpore
1514 4336 1616 4390 acerris

931 4425 1016 4482 Nosse
1034 4425 1104 4494 licet,
1122 4438 1235 4494 quornm
1253 4426 1360 4477 nomine
1377 4422 1451 4476 nolle
1468 4422 1549 4492 legas.

880 4511 1025 4581 Sexaginta
1041 4511 1095 4564 illic
1112 4507 1231 4564 defossae
1247 4508 1316 4562 mole
1334 4507 1383 4563 sub
1401 4522 1455 4562 una

931 4597 1068 4666 Reliquias
1085 4595 1192 4650 memini
1209 4609 1251 4648 me
1269 4593 1392 4650 didicisse
1410 4594 1555 4664 hominum,

882 4683 998 4750 Quorum
1016 4682 1088 4738 solos
1105 4680 1187 4736 hebet
1204 4685 1341 4748 comperta
1357 4679 1487 4734 vocabula
1504 4679 1632 4736 Christus.
1651 4685 1703 4734 oet.

479 4771 501 4840 2)
520 4787 545 4824 n.
558 4771 633 4826 oste.
768 4771 791 4837 3)
808 4785 833 4822 n.
846 4773 922 4826 9815.
1057 4771 1080 4834 ⁴)
1097 4784 1123 4821 n.
1135 4769 1314 4822 sicr-9143.
1450 4768 1473 4835 5)
1490 4782 1515 4820 m
1534 4769 1610 4822 9145.
1627 4768 1702 4822 9283.
1726 4769 1801 4822 9540.
1824 4769 1900 4821 9546.
1925 4767 2000 4820 9888.
2025 4765 2101 4821 9727.

479 4855 502 4924 6)
519 4855 551 4908 L.
562 4855 580 4910 1,
598 4871 623 4922 p.
636 4857 696 4912 435.
798 4855 821 4923 7)
839 4853 929 4922 Tituli,
947 4860 978 4908 nt
995 4857 1075 4910 semel
1093 4853 1188 4920 dicam,
1207 4852 1246 4906 ilc
1263 4851 1291 4906 in
1308 4851 1359 4906 lrec
1371 4851 1556 4908 dissertatione
1569 4847 1723 4916 atterentur,
1742 4857 1771 4907 ut
1787 4851 1867 4906 verbs
1879 4851 1983 4906 etiamsi
1996 4852 2101 4908 soloece

485 4943 614 5006 usurpato
631 4945 700 5006 sunt,
718 4937 788 4992 sicut
804 4937 869 4992 illud
891 4937 1024 5010 θεοδώρῳ
1040 4939 1056 4992 ὁ
1072 4939 1116 4992 καὶ
1133 4935 1252 5006 Εὐγάμις
1268 4954 1318 5006 pro
1336 4953 1368 4992 eo
1386 4937 1458 5008 quod
1475 4937 1590 4994 debebat
1607 4940 1646 5006 τῷ
1661 4937 1705 4990 καὶ
1723 4935 1849 5006 Eopaptp
1868 4943 1994 4992 accurato
2017 4943 2101 4994 mona

481 5023 637 5095 inibantur,
655 5025 722 5078 ratio
741 5025 872 5080 scribendi
891 5023 936 5079 ubi
954 5027 1050 5083 vitiose
1067 5033 1108 5084 est
1125 5024 1289 5084 emendetur.
1408 5027 1431 5095 8)
1448 5041 1474 5082 n.
1486 5028 1561 5082 8868.
