4748 6524
992 669 1195 777 ,ἒ-

278 909 315 956 er
337 887 406 954 aliis
427 886 549 954 indiciis
572 889 639 951 tum
661 905 679 952 e
701 884 877 952 nominibus
907 887 964 951 a'ut
985 903 1002 952 a
1024 885 1201 950 litterarum
1229 881 1328 948 torma
1355 882 1580 964 permultorum
1608 881 1647 949 de
1676 873 1781 950 aetate
1804 883 1915 952 Kirch·

277 1009 390 1079 boifius
411 1005 617 1092 probabiliter
638 1007 777 1074 coniecit.
812 1004 978 1072 Accedunt
999 1005 1184 1087 complures,
1207 1003 1261 1083 qui
1283 1003 1311 1068 si
1332 1001 1435 1067 minus
1455 1001 1549 1068 certis
1565 1001 1696 1069 saeculis
1712 1002 1913 1071 determinari

276 1133 310 1194 at
331 1130 377 1194 ita
400 1127 521 1194 definiri
543 1131 685 1208 possunt,
707 1129 743 1191 ut
764 1123 853 1192 ouius
875 1123 989 1190 aetatis
1011 1123 1083 1204 sint,
1106 1125 1214 1192 utrum
1230 1118 1415 1203 antiquioris
1431 1139 1471 1186 an
1486 1119 1582 1186 medii
1596 1121 1673 1201 aevi,
1693 1120 1797 1205 colligi
1811 1123 1911 1190 liceat.

276 1247 413 1314 Primum
436 1247 517 1312 euim
541 1247 717 1330 quicunque
738 1243 770 1309 in
798 1245 992 1310 coemeteriis
1022 1241 1109 1310 urbis
1137 1241 1256 1326 reperti
1283 1246 1357 1307 sunt
1382 1257 1464 1307 anno
1486 1259 1516 1324 p.
1540 1237 1612 1305 Chr.
1634 1240 1697 1303 410
1720 1241 1912 1323 antiquiores

276 1383 344 1433 esse
367 1383 423 1448 pro
445 1369 531 1433 certo
553 1363 760 1445 affirmamus,
789 1363 937 1445 quoniam
959 1362 1033 1428 iude
1055 1363 1094 1428 ab
1117 1361 1172 1427 illo
1194 1379 1276 1428 anno
1301 1357 1460 1426 nemiuem
1492 1358 1558 1426 lere
1587 1358 1618 1423 in
1645 1359 1839 1426 coemeteriis
1865 1377 1912 1426 se-

275 1483 397 1566 pultum
420 1503 490 1550 esse
511 1482 589 1550 satis
611 1484 775 1566 constat.¹)
809 1483 931 1550 Deinde
952 1501 1015 1562 eos,
1036 1483 1068 1547 in
1090 1481 1204 1564 quibus
1227 1480 1322 1546 verba
1344 1479 1451 1546 insunt
1473 1479 1699 1564 veopduoroc,
1721 1477 1910 1566 κατηχούμε-

277 1623 339 1680 νος,
363 1603 468 1676 πιστὸς
483 1601 517 1666 ἐκ
540 1607 655 1667 πιστῶν
676 1601 799 1683 similia,
821 1600 1030 1686 antiquissimi
1052 1601 1121 1668 aevi
1144 1619 1213 1667 asse
1233 1619 1323 1668 nemo
1347 1597 1472 1683 estqui
1494 1603 1602 1681 neget3
1625 1597 1747 1682 pariter
1770 1597 1825 1680 qui
1841 1617 1911 1665 con·

275 1721 344 1788 sule
366 1723 469 1803 aliquo
492 1741 526 1789 se
548 1721 737 1804 compositos
759 1739 828 1788 esse
849 1720 910 1804 ipsi
932 1721 1094 1788 declarant
1115 1720 1238 1786 saeculo
1261 1725 1349 1786 sento
1371 1719 1458 1802 prius
1480 1719 1590 1802 scripti
1611 1718 1676 1786 sint
1702 1736 1829 1786 necesse
1850 1724 1909 1786 est.

275 1842 354 1907 Tum
377 1858 430 1907 eos
452 1839 686 1924 antiquissimos
708 1840 930 1920 iudicabimus,
959 1841 1074 1922 quibus
1097 1859 1229 1908 ancorae
1257 1846 1313 1906 aut
1339 1840 1434 1924 piscis
1464 1839 1555 1924 signa
1584 1840 1693 1906 addita
1719 1845 1802 1922 sunt,
1829 1858 1910 1922 quae

274 1961 363 2042 signa
385 1959 546 2026 titulorum
570 1961 695 2026 saeculo
717 1965 830 2042 quarto
852 1960 1060 2027 recentiorum
1083 1960 1168 2026 nullo
1185 1961 1328 2044 praeberi
1343 1961 1497 2028 Krausius
1513 1958 1692 2044 affirmati)
1725 1961 1910 2042 Quicunque

272 2077 406 2163 denique
428 2084 484 2146 aut
504 2081 536 2144 in
552 2077 697 2164 Aegypto
720 2084 753 2144 et
774 2078 806 2143 in
821 2077 927 2144 Africa
948 2083 1005 2145 aut
1025 2081 1056 2144 in
1073 2077 1164 2162 Syria
1186 2081 1302 2162 reperti
1325 2085 1407 2160 sunt,
1431 2085 1505 2148 ante
1526 2080 1685 2148 saeculum
1708 2085 1853 2147 octamm
1874 2099 1910 2146 ae

273 2199 321 2263 val
337 2198 460 2280 septimi
482 2196 575 2264 finem
597 2197 745 2264 videntur
766 2197 827 2264 orti
850 2215 929 2278 esse,
952 2198 1104 2280 siquidem
1127 2203 1292 2280 postquam
1309 2197 1427 2264 Arabes
1449 2197 1539 2263 initio
1560 2197 1678 2266 saeculi
1700 2198 1826 2280 septimi
1839 2198 1909 2264 illas

274 2320 375 2382 terras
397 2316 456 2383 sub
479 2315 644 2400 imperium
667 2334 757 2382 suum
781 2315 997 2398 dicionemque
1019 2315 1249 2382 subiunxerunt
1271 2312 1459 2380 Christianis
1481 2316 1543 2380 iam
1565 2334 1627 2380 non
1655 2315 1781 2382 licuisse
1804 2315 1909 2382 existi-

273 2435 420 2502 mandum
443 2441 493 2503 cst
513 2437 611 2504 libare
636 2436 802 2520 religiones
829 2437 940 2504 colere.
985 2437 1045 2517 Qui
1072 2435 1155 2503 enim
1185 2455 1241 2518 per
1263 2436 1413 2502 Omarum
1443 2433 1629 2501 vetabantur
1657 2433 1758 2500 crucis
1786 2433 1908 2514 signum

271 2561 327 2621 aut
347 2555 444 2622 libros
467 2573 572 2622 sacros
594 2557 627 2622 in
649 2557 750 2623 medio
772 2576 962 2640 proponere,
991 2558 1085 2626 immo
1108 2573 1186 2624 vero*
1204 2558 1297 2624 etiem
1327 2556 1545 2639 praesentibus
1569 2555 1781 2622 Muhammedi
1809 2560 1908 2624 secta-

271 2675 393 2742 toribus
414 2676 539 2742 omniuo
562 2674 679 2743 Christi
702 2695 813 2743 nomen
836 2679 1088 2762 pronunciare‚³)
1117 2695 1171 2745 eos
1192 2697 1254 2745 non
1278 2676 1446 2743 vedsimile
1469 2681 1517 2742 est
1543 2679 1730 2758 potestatem
1760 2673 1907 2742 babuisse

270 2795 402 2860 mortuis
425 2801 624 2862 monumenta
647 2795 834 2864 Christianis
856 2797 998 2866 formulis
1020 2805 1132 2866 ornata
1153 2799 1307 2881 exigendi.
1353 2799 1577 2882 Acgyptiorum
1609 2802 1714 2864 eutem
1745 2815 1814 2864 cum
1842 2797 1907 2880 ple

270 2919 360 3000 rique
375 2917 459 2984 tituli
475 2918 679 2986 indictionum
701 2936 848 2986 numeros
870 2919 1017 3002 indicent,
1040 2937 1120 3000 quas
1141 2937 1222 2986 anno
1244 2937 1275 3000 p.
1291 2915 1365 2984 Chr.
1381 2917 1443 2981 312
1465 2915 1600 3000 primum
1623 2916 1654 2981 in
1677 2933 1768 2982 usum
1783 2915 1905 2984 venisse

269 3041 401 3117 mactat,
425 3036 533 3104 titulos
556 3038 625 3106 illos
641 3039 723 3106 inter
737 3039 864 3106 saecula
878 3044 1024 3120 quartum
1040 3043 1073 3106 et
1087 3038 1253 3120 septimum
1269 3039 1402 3120 scriptos
1417 3053 1487 3103 esse
1502 3035 1717 3103 coniciendum
1732 3039 1790 3102 est.
1824 3035 1904 3101 Nam

269 3156 352 3236 quod
375 3158 496 3241 unus,⁴)
519 3157 575 3241 qui
597 3177 712 3224 annum
735 3179 765 3242 p.
781 3158 854 3225 chr.
871 3159 934 3224 700
956 3159 1092 3240 exhibet,
1100 3158 1125 3243 ⁵)
1148 3159 1250 3226 octavi
1273 3157 1388 3226 saeculi
1409 3156 1499 3223 initio
1514 3163 1602 3222 ortus
1618 3161 1676 3236 est,
1696 3160 1823 3222 nostrae
1837 3174 1905 3222 sen·

269 3273 387 3344 tentiae
409 3295 470 3346 non
499 3284 670 3361 repugnat:
706 3279 805 3362 ipsius
833 3279 914 3344 enim
945 3277 1046 3344 octavi
1074 3276 1191 3344 saeculi
1219 3277 1376 3344 decenniis
1403 3277 1503 3360 primo
1533 3273 1707 3356 etaltera,
1737 3293 1807 3342 cum
1837 3279 1904 3342 tote

268 3393 374 3462 Africa
390 3397 509 3463 Arabes
524 3398 615 3479 potiti
638 3402 752 3478 essent,
775 3397 861 3464 cultu
877 3396 1055 3464 Christiano
1078 3398 1249 3480 exstirpato
1264 3395 1426 3480 Aegyptus
1449 3396 1489 3462 ad
1508 3393 1719 3460 Muhammedi
1742 3394 1903 3462 doctrinae

266 3513 397 3579 formam
419 3515 549 3582 redacta
571 3521 628 3581 est.
681 3515 814 3582 Omnino
840 3517 940 3600 igitur
968 3523 1094 3600 praeter
1116 3517 1158 3582 60
1180 3517 1265 3598 illos,
1295 3535 1427 3602 quorum
1457 3534 1558 3583 annus
1585 3513 1740 3581 indicatus
1768 3520 1833 3598 est,
1861 3515 1901 3580 ad

268 3631 331 3696 400
353 3631 463 3726 titulos
485 3633 636 3701 habemus
658 3635 703 3702 ita
725 3643 936 3719 comparatos,
965 3641 1001 3704 ut
1023 3637 1112 3704 cuius
1135 3636 1182 3704 vel
1205 3637 1322 3705 sacculi
1344 3639 1392 3704 vel
1415 3637 1484 3703 aevi
1505 3637 1569 3703 sint
1590 3653 1659 3702 eum
1681 3633 1903 3718 probabilitate

267 3751 403 3832 quadam
426 3749 546 3818 definiri
568 3753 677 3835 possit.

368 3869 434 3938 lam
457 3878 494 3938 ut
515 3878 710 3942 transeamus
732 3875 772 3942 ad
788 3878 889 3958 ipsam
905 3877 1066 3944 titulorum
1081 3877 1348 3961 compositionem,
1364 3877 1499 3961 primum
1514 3875 1658 3944 uidelicet
1673 3876 1713 3941 ad
1729 3873 1899 3958 legentium
1920 3883 1925 3892 '

369 4131 390 4197 ¹)
409 4127 448 4184 of.
465 4129 555 4185 Kraus
572 4129 657 4186 Roma
673 4130 847 4188 Sotterranea
868 4134 1000 4206 Freiburg
1017 4137 1069 4202 irB.
1091 4139 1157 4194 1873
1173 4153 1200 4206 p.
1214 4139 1271 4194 107.
1408 4139 1431 4208 ²)
1449 4137 1480 4192 1..
1499 4136 1516 4190 l.
1533 4151 1559 4205 p.
1572 4137 1623 4190 tao
1641 4148 1679 4202 sq.
1716 4130 1825 4186 »duker
1842 4129 1896 4186 und

266 4215 347 4270 Fisah
364 4216 422 4272 sind
440 4217 483 4271 die
505 4217 619 4274 altesten
637 4217 788 4274 Sinnbilder
804 4219 858 4274 und
881 4221 1104 4278 churalrterisiran
1127 4223 1171 4278 die
1189 4223 1349 4280 lnscbriiten
1374 4223 1421 4280 dea
1444 4228 1532 4278 ersten
1555 4220 1610 4276 und
1633 4219 1745 4275 awriten
1763 4215 1897 4270 Jahrhuu·

266 4299 362 4358 detta«
404 4308 506 4372 pauo:
536 4304 638 4360 rScbon
662 4320 749 4374 gagen
771 4305 848 4362 Eade
872 4308 920 4362 des
941 4308 1048 4362 uierten-
1069 4308 1288 4380 (Juhrhunderts)
1311 4325 1366 4366 war
1389 4327 1418 4366 es
1436 4312 1483 4378 (sc.
1501 4309 1548 4363 des
1565 4306 1682 4362 Zeiehen
1707 4303 1753 4358 dea
1776 4303 1898 4371 Fiscbes)

264 4387 325 4442 sehr
343 4387 428 4443 seiten
447 4388 588 4458 geworden
605 4387 752 4458 dergestalt
769 4391 838 4462 dass,
856 4392 981 4448 utbrend
1000 4397 1068 4450 2000
1085 4395 1379 4453 nacbeonstantinische
1396 4394 1557 4452 Insubriiten
1574 4393 1624 4448 mit
1641 4389 1763 4458 Palmen,
1779 4388 1896 4454 lironem

264 4472 377 4544 Vogeln,
395 4473 518 4540 Solatur,
536 4473 659 4530 Krcunen
671 4477 726 4533 und
737 4478 957 4547 Monogrammeu
974 4481 1089 4536 reraiert
1107 4483 1174 4553 sind,
1191 4483 1266 4538 nieht
1283 4485 1356 4541 eines
1374 4483 1513 4540 derselben
1531 4481 1579 4536 das
1591 4478 1710 4535 Sinubild
1727 4478 1773 4534 des
1786 4477 1896 4532 Fischer

262 4565 358 4628 magt«
496 4561 519 4630 ⁸)
538 4559 577 4616 07.
596 4560 681 4616 Karta
700 4562 850 4618 Handbucb
868 4565 916 4619 der
933 4565 1108 4635 allgemeinen
1126 4569 1398 4642 Kirchengescbichte
1416 4572 1445 4641 1,
1464 4574 1493 4641 0,
1511 4585 1537 4638 p.
1550 4571 1609 4624 550.
1740 4568 1763 4634 ⁴)
1781 4580 1805 4619 n.
1820 4566 1894 4618 9134·

262 4667 284 4734 ⁵)
304 4665 335 4718 ln
354 4663 433 4719 titulo
456 4669 497 4720 cst
519 4655 697 4722 annus-ff?
715 4666 767 4720 dud
786 4667 977 4738 droulqrruood
995 4671 1043 4727 lud,
1062 4661 1096 4741 ξ,
1113 4687 1192 4741 quem
1210 4672 1361 4730 indictionis
1378 4687 1525 4740 numerum,
1544 4668 1668 4740 quoniam
1686 4683 1739 4722 non
1756 4664 1895 4722 conueniat

263 4763 321 4803 cum
334 4749 397 4804 anni
414 4756 486 4822 nota,
499 4751 681 4808 Kirchhotiiue
692 4753 814 4810 vitiatum
829 4769 887 4810 esse
905 4757 1038 4826 opinatur.
1065 4759 1133 4814 ldihi
1145 4766 1235 4816 tamen
1252 4761 1324 4817 tacili
1342 4761 1490 4818 mutatione
1508 4761 1646 4830 utriusque
1664 4757 1768 4812 numeri
1786 4771 1895 4812 consen·

264 4831 302 4886 sio
319 4835 357 4890 ita
374 4834 445 4891 edici
463 4853 542 4906 posse
560 4837 674 4904 videtur,
692 4843 723 4894 nt
741 4840 760 4894 Ε
776 4855 826 4909 pro
845 4842 864 4896 l'
882 4842 1034 4899 scribamus.
1070 4845 1136 4900 (lum
1154 4847 1224 4901 euim
1242 4855 1388 4919 martyrum
1407 4849 1462 4904 sire
1481 4847 1641 4905 Diocletiani
1659 4861 1722 4901 aera
1744 4844 1855 4914 incipiat
1870 4860 1893 4900 a.

262 4915 287 4968 tl.
305 4915 343 4972 IV
361 4919 415 4975 cal.
428 4922 501 4991 Sept.
520 4923 582 4978 anni
601 4941 628 4992 p.
640 4923 701 4979 Chr.
714 4929 772 4995 284,
791 4929 966 4983 annustltt
983 4930 1102 4997 pertinet
1117 4931 1151 4985 ab
1169 4933 1231 4987 anni
1249 4950 1275 5003 p.
1288 4934 1349 4990 Chr.
1362 4937 1412 4991 700
1429 4949 1522 4991 mense
1533 4935 1657 5002 Augusto
1674 4947 1759 5000 usque
1778 4929 1813 4986 ad
1831 4930 1893 4984 anni

261 5004 312 5059 700
325 5006 437 5062 eundem
455 5025 580 5066 mensem.
609 5009 695 5064 llaori
713 5017 801 5066 autem
819 5013 925 5078 mensis,
944 5029 997 5083 quo
1014 5015 1066 5071 hoc
1084 5017 1235 5085 sepulerum
1253 5021 1412 5077 coloratum
1430 5027 1480 5091 ost,
1498 5025 1590 5078 nostro
1602 5017 1678 5074 lunio
1697 5016 1755 5073 lere
1773 5015 1893 5086 aequalis

260 5093 315 5159 ast;
332 5095 438 5160 tempus
455 5095 539 5164 igitur
556 5102 598 5152 eet
615 5098 705 5154 lunias
722 5098 820 5154 mensis
837 5099 900 5154 anni
917 5101 976 5170 700,
994 5117 1107 5171 quocum
1125 5105 1249 5173 congruit
1266 5105 1319 5161 ind
1338 5123 1361 5167 ς.

1689 5191 1719 5245 1*
