4748 6524
1329 770 1371 833 42

533 976 602 1060 ὑμῖν
625 979 717 1038 πᾶσιν
739 971 773 1036 ἐν
795 969 876 1058 θεῷ,
904 970 1016 1060 εἰρήνη
1040 977 1104 1046 τοῖς
1127 975 1318 1058 προάγουσιν
1341 980 1432 1038 πᾶσιν
1462 975 1524 1037 ἀπὸ
1554 977 1609 1038 τοῦ
1637 971 1731 1051 θεοῦ,
1762 976 1889 1064 ελρηνην
1916 975 2005 1066 ἔχετε
2037 978 2180 1064 ἀδελφοί,
2248 952 2332 1032 ΞΉ

634 1093 844 1178 Dignissimae
866 1099 972 1158 autem
995 1099 1070 1159 sunt
1092 1112 1174 1176 quae
1197 1096 1301 1159 animo
1323 1093 1556 1176 perlustrantur
1582 1113 1701 1176 proces,
1724 1113 1804 1178 quas
1826 1097 2095 1164 acclamationem
2118 1099 2181 1164 loco
2251 1096 2300 1147 τι
2313 1091 2332 1134 ,3

529 1217 682 1300 plurimas
703 1216 736 1279 in
757 1213 808 1280 his
830 1212 933 1278 titulis
951 1212 1054 1294 iisque
1077 1211 1309 1296 antiquioribus
1337 1213 1536 1293 potissimum
1565 1213 1726 1280 babemus
1770 1214 1951 1282 sexcenties
1980 1219 2073 1282 enirn
2096 1215 2179 1284 Dens

532 1337 582 1402 vel
601 1332 746 1400 Christus
768 1338 805 1399 ut
827 1331 1110 1398 commisereantur
1130 1339 1325 1430 mortuorum
1349 1332 1558 1414 implorantur
1579 1331 1640 1400 boc
1661 1335 1768 1401 modo:
1797 1333 1927 1423 μνησθῇ
1948 1358 2009 1400 σου
2027 1338 2046 1399 ὁ
2064 1336 2178 1420 κύριοςς

448 1545 453 1554 Ι
527 1451 661 1540 μνησθῇ
683 1453 737 1516 τοῦ
762 1451 850 1514 δεῖνα
868 1445 1031 1536 Ἰηοούςύ
1060 1450 1181 1535 κύριος;
1208 1449 1342 1537 μνησθη·
1362 1451 1380 1513 ὁ
1403 1448 1479 1524 θεὸς
1501 1453 1555 1516 τού
1583 1453 1685 1534 δεῖνα;
1715 1450 1850 1541 μνησθῇ
1875 1455 1969 1518 αύτοῦ
1992 1457 2013 1516 δ
2039 1453 2117 1530 θεὸς
2139 1457 2178 1530 alc

530 1575 602 1647 τούς
624 1572 759 1654 αἰῶνας;
780 1569 913 1658 μνησθῇ
934 1569 1039 1655 κύριος
1055 1573 1110 1656 τῆς
1125 1571 1300 1656 κοιμήσεως
1323 1591 1397 1649 σου;
1418 1570 1585 1658 μνήσθητι,
1608 1572 1704 1658 κύριε,
1729 1578 1783 1660 τῆς
1804 1575 1979 1662 κοιμήσεως
1994 1579 2055 1639 τοῦ
2078 1575 2177 1654 δεῖνος
2287 1566 2332 1628 ’.τινὶ

530 1689 707 1778 ἀρίθγιησον
730 1691 824 1754 αὐτὸν
847 1691 864 1752 b
888 1688 964 1762 θεὸς
983 1688 1065 1772 μετὰ
1088 1693 1151 1751 τῶν
1173 1689 1269 1770 ἁγίων
1284 1689 1458 1772 δεξάμενος
1474 1690 1508 1753 τὸ
1525 1692 1658 1772 πνεῦμα;
1682 1689 1768 1774 κύριε
1788 1691 1967 1778 ὑπόμνησον
1989 1697 2051 1757 τοῦ
2067 1693 2176 1756 δούλου

531 1835 606 1892 σου;
640 1811 726 1897 κύριε
754 1810 920 1888 πολυέλεε,
946 1807 1105 1896 μνήσθητι
1131 1809 1206 1871 ύταν
1229 1805 1325 1894 ἔλθης
1347 1812 1402 1894 τῆς
1425 1811 1527 1896 ψυχῆς
1550 1813 1605 1894 τῆς
1627 1809 1741 1896 δούλης
1763 1832 1838 1890 σου;
1868 1809 1984 1884 δθεὸς
2008 1810 2174 1896 ἀναπαύσῃ

529 1933 584 2019 την
606 1931 708 2019 ψυχήν
731 1952 789 1992 σου
803 1931 883 2012 μετὰ
899 1932 961 1991 τῶν
977 1927 1102 1990 δικαίων
1110 1946 1119 2009 ;
1143 1927 1228 2011 κύριε
1240 1924 1398 2014 μνήσθητι
1421 1929 1474 1989 τοῦ
1497 1926 1586 1999 ἐντὸς
1608 1929 1662 1990 τοῦ
1685 1927 1835 2014 σπηλαίου
1858 1928 1983 2004 τούτους
2010 1932 2070 1992 τοῦ
2093 1930 2174 1992 δεῖνα

600 2073 617 2113 υ
644 2051 650 2070 “
680 2046 847 2122 σωζέσθω.

530 2051 550 2138 ἢ
573 2053 716 2232 dignm
737 2186 811 2232 vero
834 2165 883 2230 bis
906 2163 1056 2246 exemplis
1079 2165 1265 2246 superstites
1287 2182 1345 2245 pro
1366 2169 1562 2230 mortuorum
1584 2163 1687 2230 salute
1708 2183 1818 2246 preces
1832 2163 1964 2232 tundere
1979 2167 2094 2232 solitos
2109 2185 2174 2232 esse

532 2291 779 2366 demonstretur,
808 2301 1032 2365 nonnunquam
1055 2285 1252 2350 econtrario
1281 2281 1421 2348 debincti
1449 2289 1485 2346 nt
1506 2299 1563 2362 pro
1586 2282 1810 2363 superstitibus
1831 2286 2031 2364 precationes
2060 2285 2173 2352 ludant
2289 2313 2332 2358 :2

532 2414 694 2488 rogantur.
739 2407 839 2484 Quem
863 2422 982 2470 morem
1005 2422 1076 2470 cum
1099 2401 1265 2484 Dryander
1291 2403 1322 2465 in
1351 2401 1573 2468 dissertatione
1601 2419 1696 2483 qnam
1725 2401 1860 2468 diximus
1888 2403 2077 2470 recentioris
2106 2403 2170 2470 aevi

399 2551 402 2556 ·
531 2525 693 2606 pmprium
715 2541 785 2590 esse
807 2527 930 2601 censet,
960 2521 994 2586 in
1018 2523 1214 2588 coemeteriis
1236 2521 1474 2602 inscriptiones,
1502 2523 1671 2604 inquibus
1699 2522 1886 2604 superstites
1915 2524 2173 2606 deprecatoribus

533 2651 666 2710 utantur
698 2643 855 2710 defunctis
887 2641 1019 2706 inveniri
1052 2646 1162 2722 negat,
1172 2641 1198 2722 ¹)
1227 2639 1295 2704 fieri
1315 2637 1388 2704 'non
1424 2646 1530 2720 potest
1565 2648 1601 2706 ut
1629 2643 1658 2706 ei
1688 2641 1871 2723 adstipuler.
1926 2642 2065 2710 Obstant
2093 2645 2170 2709 enim

534 2764 709 2846 complures
732 2760 826 2826 tituli.
870 2759 1012 2825 Primum
1034 2759 1067 2824 in
1091 2759 1279 2825 coemeterio
1302 2757 1427 2823 Callisti
1450 2765 1577 2840 reperta
1599 2765 1650 2826 est
1670 2758 1749 2827 haec
1769 2759 1980 2843 inscriptio:²)

941 2878 1119 2952 Κατύθεοις
1142 2887 1186 2964 τγῙ
1205 2879 1267 2963 πρὸ
1284 2867 1321 2960 Ty·
1340 2876 1503 2940 καλανδῶν
1522 2873 1667 2942 Ἰουνίων.

942 2997 1087 3078 Αύγένδε,
1111 2997 1211 3083 ζηοης
1232 2996 1266 3059 ἐν
1289 2997 1386 3082 κυρίῳ
1409 2998 1458 3059 καὶ
1480 2995 1587 3082 ἐρώτα
1611 2995 1689 3081 ὑπὲρ
1711 2999 1810 3084 ημῶν.

529 3118 643 3184 deinde
665 3137 683 3184 e
706 3117 892 3184 coemeterio
915 3114 1048 3198 Agnetis
1070 3117 1151 3198 lapis
1173 3119 1285 3180 erutus
1307 3120 1365 3194 est,
1388 3132 1491 3195 quem,
1514 3133 1586 3180 cum
1608 3118 1786 3198 appositum
1809 3117 1852 3184 eit
1872 3135 2007 3184 ancorae
2035 3117 2165 3200 signum,

531 3244 660 3304 auctore
680 3237 816 3302 Krausio
837 3234 1055 3317 antiquissimo
1079 3253 1157 3300 aevo
1180 3233 1321 3300 tribuere
1342 3235 1427 3300 haud
1450 3235 1709 3318 dubimverim:⁸)
1738 3309 1748 3327 ,

940 3353 1098 3427 Διονύσιος
1121 3355 1229 3441 νήπιος
1250 3352 1365 3426 ἄκακος
1386 3351 1505 3417 ἐνθάδε
1527 3357 1622 3418 κεῖται

938 3471 1019 3554 μετὰ
1043 3477 1105 3536 τῶν
1127 3472 1233 3554 ἁγίων.
1279 3471 1465 3557 Μνὴσκεσθε
1488 3473 1595 3536 δὲκαὶ

939 3593 1029 3678 ἡμῶν
1051 3589 1085 3654 ἐν
1108 3595 1174 3663 ταῖς
1196 3590 1295 3673 ἁγίαις
1317 3591 1404 3674 ὑμῶν
1427 3595 1613 3679 προςευγαῖς

939 3711 1064 3774 καὶτοῦ
1088 3709 1261 3792 γλύψαντος
1284 3711 1332 3773 καὶ
1354 3712 1545 3795 γράψαντος.

530 3831 706 3898 Plurimum
728 3830 849 3898 seilicet
871 3847 941 3896 cnm
963 3847 1071 3896 omnes
1094 3829 1236 3894 homines
1257 3830 1372 3911 integri
1394 3835 1461 3896 tum
1483 3831 1618 3896 infantes
1640 3830 1733 3913 culpa
1747 3835 1889 3896 carentes
1904 3849 2000 3912 posse
2014 3831 2157 3897 existima·

531 3951 649 4016 bantur
670 3949 711 4014 ad
733 3948 793 4015 Dei
814 3947 895 4013 iram
916 3949 1062 4030 precibus
1083 3949 1278 4030 placandam.
1324 3951 1437 4028 ltaque
1459 3951 1553 4016 etiam
1576 3951 1608 4014 in
1630 3949 1733 4032 lapide
1755 3948 1884 4016 Velitris
1905 3961 2047 4034 reperto,
2069 3965 2150 4029 quem

531 4067 746 4135 Rirchbotfius
767 4067 898 4134 adnotat
918 4067 1053 4134 tortasse
1075 4087 1093 4132 a
1116 4068 1311 4135 coemeteriis
1334 4069 1422 4135 urbis
1443 4059 1630 4134 translatum
1651 4087 1730 4148 esse,
1738 4069 1764 4150 ⁴)
1787 4076 1934 4151 parentes
1949 4070 2071 4137 tiliolum
2084 4065 2153 4132 mol·

531 4185 663 4252 lissimis
684 4185 789 4252 verbis
810 4186 993 4268 implorant:

941 4302 1102 4379 Ἀνατύλιε,
1126 4299 1219 4390 ημῶν
1242 4303 1440 4390 πρωτότοκον
1463 4305 1578 4385 τέκνον,

941 4421 1026 4494 ὅστις
1048 4417 1122 4507 ἡμῖν
1145 4420 1264 4507 ἐδύθης
1286 4423 1365 4506 πρὸς
1387 4422 1490 4504 ὀλίγον
1507 4423 1636 4511 χρόνον,

942 4537 1035 4626 εύχοο
1059 4538 1137 4624 ὑπὲρ
1160 4536 1261 4626 ἡμῶν.

531 4660 566 4725 in
580 4657 725 4740 Sicyonio
747 4662 852 4724 autem
873 4660 979 4740 quarti
1001 4659 1118 4724 saeculi
1140 4657 1267 4740 tituloi)
1289 4659 1499 4742 Nicostratus,
1520 4678 1613 4741 quem
1629 4663 1759 4728 summis
1780 4664 1929 4733 laudibus
1949 4663 2042 4730 efferri
2056 4671 2142 4738 snpra

534 4778 737 4857 ostendimus
761 4777 874 4843 dicitur
902 4780 955 4840 τοῦ
978 4775 1132 4840 δεσπότου
1156 4777 1290 4861 Χριστοῦ
1313 4777 1542 4866 προςέργεσθαι
1566 4781 1644 4866 ὑπὲρ
1668 4783 1785 4868 πατρὸς
1807 4786 1855 4848 καί
1877 4785 2031 4869 ἀδελφοῖν.
2064 4775 2150 4858 Quod

634 4945 657 5011 ¹)
674 4945 691 4999 t
709 4944 727 4998 l.
745 4961 771 5012 p.
783 4947 832 4999 84:
854 4945 924 4998 »Das
945 4942 1148 5012 Martyrerprab
1171 4957 1226 4998 war
1251 4943 1300 4998 der
1317 4944 1409 5014 altar,
1436 4961 1481 5000 mn
1498 4946 1551 5000 den
1570 4947 1667 5004 betond
1689 4948 1744 5004 und
1763 4950 1867 5008 leiernd
1883 4951 1928 5006 die
1946 4948 2092 5008 Gemeinde
2108 4942 2160 5000 siclt

533 5028 667 5084 sohaarte.
702 5029 787 5084 Nicbt
804 5028 866 5084 dass
888 5043 950 5082 man
969 5027 1022 5082 den
1040 5027 1242 5084 Gasebiedencn
1260 5046 1306 5084 um
1329 5031 1421 5085 aeine
1439 5030 1564 5086 Fitrbitts
1583 5035 1731 5104 angsruten
1747 5036 1838 5108 hatte,
1862 5039 1911 5092 irie
1933 5039 2007 5094 erir’s
2026 5033 2164 5094 mobmin

534 5113 667 5168 StPeter
686 5113 819 5182 gesehen3
837 5127 899 5166 man
916 5112 1131 5170 betetrielmehr
1147 5113 1202 5167 ror
1219 5114 1428 5169 seineSacle.‹
1527 5119 1550 5182 θ)
1568 5121 1681 5176 nadib.
1768 5123 1793 5188 t)
1811 5123 1925 5178 assis„
2014 5125 2042 5192 4)
2060 5121 2168 5178 nibli.

532 5200 556 5264 ὅ)
573 5200 688 5254 mabill.
