4748 6524
1034 770 1171 854 ιε’

176 984 379 1068 denique
408 987 450 1054 ad
485 989 610 1056 saecula
641 993 825 1060 VI-VIII
856 993 1014 1075 pertinere
1047 983 1259 1058 Kirchhoffins
1293 992 1401 1056 censet
1438 984 1674 1050 monumentum
1707 975 1873 1052 Graecum,

177 1104 434 1187 Euphemiae
456 1107 580 1174 cuidam
601 1111 748 1192 positum,
756 1113 782 1192 ¹)
804 1113 882 1178 haec
904 1112 1030 1178 exhibet
1051 1111 1161 1178 uerba:

647 1228 837 1314 Πρεσβείαις
858 1231 954 1318 αὐτῆς
977 1232 994 1292 δ
1018 1227 1092 1304 θεὸς
1116 1227 1245 1314 ἐλέησον

649 1349 721 1422 τοὺς
741 1349 897 1436 ἀδελφοὺς
919 1349 1014 1436 αὐτῆς
1026 1395 1034 1412 .
1047 1395 1076 1412 ..
1101 1349 1148 1412 καί
1171 1347 1310 1434 φύλαξον

647 1469 777 1554 προνοίᾳ
800 1477 839 1555 τῇ
861 1469 934 1555 ἁγίᾳ
956 1491 1013 1532 ooo
1036 1469 1088 1532 τὸν
1111 1467 1239 1550 δνεῴιίνν
1262 1465 1366 1552 αὐτῆς.

338 1581 474 1650 Praetor
493 1585 632 1669 quinque
652 1589 711 1654 hos
733 1589 851 1668 titulos,
874 1609 892 1654 e
914 1589 1028 1671 quibus
1051 1607 1121 1655 oum
1144 1591 1294 1670 quattuor
1315 1580 1528 1665 antiquissimi
1550 1577 1620 1644 aevi
1636 1593 1707 1642 esse
1722 1573 1877 1655 appareat

198 1701 300 1768 iure
331 1703 441 1770 videor
462 1706 629 1788 Dryandro
656 1709 842 1776 aduersatus
872 1727 956 1788 esse,
988 1711 1050 1774 duo
1079 1706 1265 1774 recentioris
1292 1704 1408 1770 aetatis
1438 1701 1700 1768 demortuorum
1731 1689 1877 1774 precibus

201 1827 343 1902 agunt
389 1823 531 1902 Quorum
560 1827 710 1906 alterum,
739 1830 823 1910 qnod
853 1828 997 1894 Panormi
1019 1825 1203 1894 collocatum
1226 1829 1275 1890 est
1297 1822 1425 1904 Georgii
1454 1817 1559 1898 matri,
1587 1815 1691 1900 σεμνῇ
1710 1804 1876 1898 μοναχῇδ)

204 1941 274 2008 his
301 1943 451 2010 versibus
473 1945 600 2012 finitur:

648 2068 694 2140 ὡς
716 2067 745 2131 δ’
768 2066 946 2152 εὖπριίςιτος
968 2067 1100 2150 πρέσβος
1124 2065 1202 2150 ὑπὲρ
1225 2073 1289 2128 τοῖν
1312 2061 1426 2126 τέκνοιν

637 2187 731 2260 δετὰς
754 2189 905 2270 προσάγει
928 2198 975 2274 τῳ·
997 2187 1071 2272 θεῷ
1091 2185 1261 2274 παρρησίᾳ.

217 2299 258 2364 in
284 2299 399 2380 altero,
421 2300 627 2384 Messanio‚⁸)
649 2305 752 2372 Lucas
775 2307 1033 2372 archimandrites
1055 2313 1197 2386 rogatur:

646 2423 805 2510 μνήσθητι
827 2425 944 2488 παίδων
968 2427 1180 2506 πνευματικῶν
1202 2421 1324 2485 ὠδίνων

647 2541 779 2616 terreno
802 2545 836 2624 τδ
859 2543 945 2606 δείον
968 2543 1046 2628 ὑπὲρ
1069 2550 1135 2606 σιδν
1159 2541 1282 2606 τέκνων.

231 2655 376 2722 Omnino
397 2660 625 2740 posterioribus
644 2663 781 2730 saeculis
797 2668 882 2730 recte
898 2663 937 2728 de
951 2663 1073 2744 Rossi⁴)
1100 2659 1404 2734 autumationum«
1429 2655 1542 2738 inquit,
1568 2641 1720 2735 {quarum
1736 2647 1878 2714 nativum

234 2791 386 2857 saporem
408 2795 506 2858 snpra
532 2779 677 2860 laudavi,
704 2779 817 2846 ultima
843 2799 942 2862 paene
969 2786 1045 2846 sunt
1072 2779 1238 2846 obliterata
1264 2777 1412 2859 vestigia,
1443 2789 1615 2854 earumque
1641 2771 1710 2836 loco
1739 2765 1879 2832 affectati

232 2911 347 2960 sensus
369 2901 401 2962 et
423 2899 534 2979 inepta
557 2899 655 2965 dictio
676 2899 840 2964 rhetorum
862 2899 984 2966 ferreae
1005 2898 1120 2965 aetatis
1142 2896 1298 2978 propria«
1345 2893 1443 2960 Cuius
1465 2891 1512 2957 rei
1534 2899 1571 2956 nt
1597 2887 1740 2970 exemplu
1765 2901 1878 2966 91090·

231 3030 354 3090 namus,
376 3013 490 3081 titulus
512 3017 683 3084 Barberini
706 3025 852 3100 repertus
860 3020 886 3100 ὅ)
909 3020 968 3086 hoc
989 3019 1082 3086 modo
1104 3017 1228 3099 incipit:

649 3133 746 3200 Παντὶ
766 3137 882 3222 βροτῷ
906 3135 1049 3223 θνήσκειν
1074 3137 1233 3219 πέπρωται
1257 3139 1300 3220 τῇ
1320 3131 1412 3219 τύχῃ·

650 3259 710 3318 πᾶν
732 3260 796 3340 γὰρ
819 3259 854 3320 τὸ
878 3255 912 3320 ἐκ
935 3262 989 3343 τῆς
1011 3260 1068 3342 γῆς
1088 3254 1306 3340 ,imitamine
1330 3251 1418 3314 πάλιν

647 3374 737 3456 ὀροῖν
761 3375 814 3436 τὸν
838 3371 886 3447 είς
908 3380 965 3461 γῆν
985 3373 1109 3460 μητέρα
1133 3374 1239 3436 τελοῦν
1262 3362 1389 3455 δρόμον

646 3491 683 3553 ἐκ
704 3497 764 3579 γῆς
787 3495 938 3577 πεφυκὼς
953 3497 1033 3582 χοῦς
1055 3491 1201 3574 γενέσθαι
1223 3487 1262 3552 οὗ
1279 3487 1443 3550 θέλων...

645 3609 758 3697 ᾤκησα
781 3611 902 3694 τύμβον
916 3661 945 3676 ..

241 3721 347 3786 Simile
368 3719 493 3802 aliquid
513 3727 643 3805 praebet
664 3729 833 3809 inscriptio
857 3731 911 3795 illa
932 3731 1115 3811 Nicaena⁶)‚
1137 3729 1226 3794 cuius
1247 3743 1351 3806 neque
1372 3739 1484 3790 versus
1506 3723 1642 3804 primns:

637 3841 735 3931 ’θναρ
761 3849 800 3910 τὰ
825 3849 925 3912 πιίντα
947 3851 994 3912 καί
1016 3849 1085 3910 σκιὰ
1106 3845 1217 3908 κούδὲν
1241 3843 1342 3918 πλέον,

242 3976 335 4039 neque
359 3975 445 4040 qnae
467 3977 496 4020 u.
519 3961 537 4020 'i
560 3969 688 4030 exstant
709 3967 826 4032 verba:
862 3969 965 4051 τάφον
995 3968 1072 4029 οἰκεῖ
1097 3969 1151 4052 τῆς
1177 3964 1315 4045 κατάρας
1337 3959 1456 4049 χωρίον
1483 3959 1641 4025 hominem
1668 3953 1882 4021 Christianum

240 4077 342 4144 decere
363 4076 537 4156 quisquam
559 4078 683 4145 dixerit.

332 4195 380 4260 Ut
403 4211 481 4257 vero
504 4191 552 4256 iili
574 4195 658 4260 tituli
681 4199 849 4266 affectatas
873 4203 1045 4267 sententias
1067 4201 1247 4278 exhibeant,
1276 4205 1311 4263 at
1337 4215 1438 4280 paene
1466 4193 1604 4260 insulsus
1631 4197 1727 4274 atque
1755 4193 1882 4272 ineptus

247 4311 422 4379 iudicandus
452 4314 506 4374 est
528 4308 642 4375 titulus
671 4315 882 4400 Phrygius,⁷)
913 4337 1006 4398 quem
1035 4317 1248 4385 Kirehhoffius
1276 4325 1406 4397 propter
1434 4315 1531 4380 verba
1559 4311 1726 4383 neotericae
1753 4307 1827 4392 θεῷ
1850 4309 1881 4372 in

244 4430 489 4498 Ghnstianornm
512 4443 646 4492 numero
678 4435 860 4508 ponendum
883 4453 955 4501 asse
982 4456 1038 4502 sno
1066 4439 1135 4501 inre
1163 4439 1279 4500 censet.
1331 4433 1430 4510 Quem
1452 4432 1506 4512 qui
1529 4429 1671 4511 scripsit,
1704 4432 1741 4492 ut
1762 4427 1883 4508 ipsese

249 4565 331 4630 quam
349 4546 491 4610 maxime
513 4543 674 4624 laudaret,
695 4545 756 4610 hos
777 4567 891 4614 uersus
912 4551 1078 4618 vilissimos
1101 4554 1287 4634 composuit:

661 4661 706 4723 Ἰί)
729 4663 786 4749 ζῆν
809 4667 827 4726 δ
851 4668 951 4752 ζήσας
973 4671 1019 4730 καί
1040 4671 1144 4734 δανὼν
1168 4671 1208 4756 ζῇ
1231 4674 1294 4743 τοῖς
1316 4669 1424 4754 φίλοις,

659 4779 853 4862 δκτοίμενος
876 4783 913 4845 δὲ
935 4785 1092 4874 πολλὰμή
1115 4793 1243 4873 τροφῶν
1265 4788 1321 4851 σὺν
1344 4791 1407 4860 τοῖς
1429 4785 1528 4870 φίλοις

660 4893 754 4968 οὖτος
776 4897 909 4981 τέθνηκε
934 4909 1105 4983 περιπατῶν
1127 4909 1175 4968 καί
1198 4907 1237 4992 ζῇ
1257 4908 1367 4990 νεκροῦ
1391 4903 1535 4989 τρόπον’

253 5062 499 5212 ηῧθῑὲροεεὸ.
609 5058 772 5127 putueo.
878 5061 1029 5124 ¹)n.uoaa,
1142 5069 1360 5140 suffen
1462 5071 1620 5138 snm,
1727 5063 1882 5130 unm.

288 5159 310 5198 n.

1680 5235 1714 5288 61
