4748 6524
973 746 1175 843 „L

605 938 639 1012 ‘¹0
662 971 737 1012 ποτε
761 948 907 1022 πλοόσιος
930 950 998 1034 περὶ
1021 949 1110 1012 τέκνα
1135 951 1187 1012 νῦν
1210 949 1301 1011 κακόν

610 1072 712 1141 κακῶς
735 1072 839 1154 τηρῶν
861 1069 906 1142 ὡς
933 1068 1086 1142 Τάνταλος
1108 1066 1202 1131 κλαίω
1226 1072 1353 1154 πικρῶς.

238 1188 301 1254 Ad
325 1204 418 1270 quem
440 1185 566 1252 titulum
588 1187 672 1267 quod
688 1185 898 1254 Kirohhoifius
922 1188 1051 1254 adnotat
1073 1187 1210 1254 dubitari
1232 1205 1333 1270 posse,
1356 1207 1396 1254 sn
1419 1208 1480 1255 non
1496 1186 1694 1256 Christianus
1710 1191 1761 1273 sit,
1784 1210 1889 1274 quom·

241 1325 346 1390 quem
369 1325 497 1390 prorsus
520 1307 697 1394 adstipulor
718 1309 755 1376 V.
772 1306 828 1388 CL,
853 1314 957 1376 tumen
977 1307 1055 1374 iilud
1079 1313 1137 1390 est,
1159 1309 1362 1392 quemobrem
1384 1307 1596 1374 Christianum
1621 1310 1792 1376 existimem
1816 1330 1887 1379 eum

244 1445 337 1510 esse,
369 1429 453 1510 quod
487 1427 518 1493 in
553 1428 739 1496 coemeterio
772 1432 916 1512 repertus
951 1433 1008 1494 est.
1053 1427 1138 1494 Fieri
1166 1427 1291 1511 quidem
1321 1427 1426 1508 potuit
1447 1433 1543 1510 etque
1570 1433 1619 1492 est
1648 1427 1781 1509 fectum,
1813 1435 1889 1496 ute

244 1547 438 1616 Christianis
466 1547 609 1629 tabulae,
643 1547 758 1632 quibus
779 1549 842 1614 iem
865 1553 958 1615 entes
979 1547 1095 1631 pagani
1121 1547 1261 1614 homines
1284 1545 1332 1612 usi
1356 1550 1459 1628 erent,
1493 1546 1525 1610 in
1548 1545 1687 1628 ipsorum
1710 1547 1888 1631 sepulcrete

245 1673 464 1753 transportato
491 1668 635 1750 inportu
661 1685 772 1736 averse
799 1667 1054 1734 inscriberentur.
1098 1667 1166 1734 Hoo
1196 1685 1269 1734 vero
1298 1683 1435 1732 marmor
1442 1713 1451 1746 ‚
1480 1665 1627 1748 quonium
1654 1669 1686 1732 et
1714 1666 1826 1733 frontis
1856 1673 1888 1735 et

246 1789 331 1872 tergi
361 1805 470 1855 versus
499 1788 539 1854 ob
568 1787 677 1854 eodem
706 1787 893 1870 compositos
923 1804 992 1854 esse
1026 1791 1174 1870 apparet,
1208 1805 1269 1854 nou
1301 1786 1476 1869 putendum
1507 1791 1557 1852 est
1588 1804 1712 1869 pagano
1740 1787 1885 1871 ouiqusm

246 1909 322 1976 usui
344 1908 449 1976 fuisse.

351 2029 470 2096 Eodem
493 2027 559 2093 iere
581 2027 663 2094 ratio
686 2031 735 2094 est
756 2024 842 2092 tituli
869 2025 901 2090 in
925 2025 987 2093 Ceo
1014 2024 1117 2092 insula
1143 2023 1308 2108 reperti‚¹)
1339 2042 1430 2107 quero
1454 2023 1667 2092 Kirohhoiiius
1694 2025 1734 2092 ed
1763 2031 1884 2094 sextum

247 2149 409 2216 specuium
432 2147 590 2230 pertinere
612 2151 733 2222 censet,
762 2144 817 2229 qui
839 2145 965 2211 temetsi
987 2163 1179 2226 paganorum
1203 2144 1303 2226 mergis
1325 2145 1494 2227 respondet
1520 2165 1612 2228 quem
1638 2144 1883 2213 Christianorum

247 2267 322 2334 fidei
343 2275 448 2334 tomen
471 2265 547 2348 quin
570 2264 750 2332 Christiano
772 2283 849 2332 nevo
872 2265 913 2330 sit
935 2262 1126 2345 compositus
1148 2263 1285 2330 dubitari
1307 2283 1369 2330 non
1391 2269 1506 2346 potest.
1551 2265 1651 2330 Multo
1678 2267 1799 2334 felicior
1825 2267 1884 2334 hoo

247 2387 343 2454 titulo
365 2387 405 2454 ab
428 2405 524 2453 uxore
545 2386 715 2468 superstite
737 2385 903 2452 defunctus
925 2383 1126 2466 praedicetur
1147 2383 1224 2465 ipse,
1246 2383 1330 2463 quod
1352 2383 1384 2448 in
1407 2383 1570 2450 beatorum
1594 2383 1684 2450 sedes
1707 2405 1726 2451 s
1748 2386 1814 2452 Deo
1835 2403 1882 2451 re-

247 2509 359 2588 ceptus
381 2505 522 2588 coniugis
543 2503 637 2570 funus
659 2521 720 2570 non
743 2503 872 2572 viderit:

600 2620 632 2688 Ἀ
650 2625 767 2711 μάκαρ,
789 2623 853 2699 οἶος
876 2621 963 2710 φθὰς
985 2621 1107 2719 ἀλόχοιο
1130 2620 1221 2711 φίλης
1243 2618 1441 2706 προπάροιθε

607 2789 715 2808 .....
738 2743 781 2817 εἷς
800 2744 954 2829 μακάρων
972 2745 1080 2832 χῶρον
1096 2787 1104 2806 .
1121 2789 1128 2806 .
1145 2788 1179 2806 ..
1201 2739 1305 2806 ἐλθεῖν

606 2865 721 2949 μοῖραν
744 2861 937 2950 ἀναπλήσας,
961 2863 1014 2950 την
1036 2862 1086 2925 σοὶ
1107 2859 1186 2946 πόρε
1208 2859 1356 2944 δαίμονος
1378 2859 1461 2924 αἶσα.

605 2981 689 3046 odron
711 2982 773 3066 γάρ
796 3004 834 3046 σε
856 2980 968 3070 φίλησε
991 2981 1093 3068 πατὴρ
1115 2977 1191 3053 θέας
1213 2975 1316 3065 αἰθέρι
1339 2977 1441 3059 ναίων,

605 3103 650 3177 ὡς
669 3103 713 3192 μὴ
737 3099 852 3176 πένθος
874 3100 1005 3191 ἄτλητον
1027 3101 1108 3165 ἑλεῖν
1131 3121 1168 3163 σε
1191 3099 1263 3173 τεὰς
1285 3097 1404 3184 φρένας
1426 3097 1502 3162 εἴσω

603 3222 686 3310 μηδὲ
701 3269 709 3285 .
726 3269 734 3286 .
751 3267 783 3285 ..
806 3220 929 3310 ἀλόχοιο
952 3220 1043 3308 φίλης
1060 3266 1069 3284 .
1085 3268 1092 3283 .
1110 3265 1143 3282 ..
1166 3216 1325 3306 θανούσης

604 3340 759 3427 μόρσιμον
781 3339 867 3430 ἦμαρ
889 3340 978 3404 tosto·
1002 3339 1069 3404 ἐπεὶ
1090 3337 1165 3403 οόθέ
1188 3361 1223 3402 νο
1245 3338 1285 3426 οη
1308 3338 1486 3422 παράκοιτις

607 3508 739 3526 ......
762 3459 824 3526 uiri
843 3460 1025 3549 μεμνημένη
1048 3462 1114 3524 σεῖο

605 3578 709 3668 ἤματα
731 3582 779 3644 καὶ
802 3579 911 3656 νύκτας
930 3580 966 3644 σθ
991 3579 1120 3644 παύεται
1141 3577 1359 3668 δακρυχέουσα

559 3731 562 3737 ·
604 3697 757 3787 τηκομένη
773 3698 859 3788 χρόα
881 3699 983 3763 καλόν.

249 3813 435 3898 Tertiusque
456 3813 504 3880 his
526 3815 731 3884 conferendus
753 3822 802 3884 est
824 3817 936 3884 titulus
958 3814 1164 3900 Phrygius&
1189 3816 1243 3897 qui
1265 3833 1335 3882 oum
1366 3815 1419 3878 τὸν
1447 3815 1549 3891 ζῶντα
1577 3814 1652 3881 dior
1682 3823 1714 3885 et
1743 3818 1881 3904 κρίσιμος
1936 3812 1938 3818 ’

248 3934 351 4024 ηρέρα
372 3936 467 4002 rerba
489 3937 651 4019 praebeat,
679 3957 736 4005 eur
757 3938 911 4004 Frenzius
933 3935 1147 4004 adnotaverit:
1181 3934 1326 4001 »titulum
1349 3953 1423 4004 oove
1446 3933 1660 4002 Christianum
1683 3942 1794 4018 putem
1819 3957 1880 4004 non

248 4055 355 4137 liquet
399 4055 435 4121 In
458 4074 494 4122 eo
518 4055 598 4121 enim
621 4055 786 4122 Menandri
809 4075 918 4122 versus
941 4053 1069 4138 quidem
1092 4053 1265 4120 offeruntur
1284 4054 1315 4119 in
1338 4053 1421 4120 huno
1442 4055 1568 4120 modurn
1590 4053 1768 4122 immutati:

601 4177 694 4239 καλὸν
717 4175 751 4239 τό
771 4179 871 4262 χηρᾶν
894 4175 998 4239 καὶτὸ
1018 4175 1062 4261 μὴ
1085 4177 1186 4260 χηρᾶν
1209 4173 1272 4258 τρὶς
1294 4171 1375 4255 λέχοι
1398 4171 1500 4238 κακόν.

514 4289 518 4294 ’
604 4295 694 4358 καλὸν
717 4296 751 4358 τὸ
774 4291 919 4384 θνήσκειν
941 4293 987 4367 οἷς
1010 4293 1044 4357 τὸ
1067 4293 1122 4380 ζῆν
1146 4291 1237 4378 θβριν
1259 4292 1360 4378 φέρει.

248 4412 386 4494 Cumque
396 4414 445 4478 his
460 4430 539 4495 quos
554 4414 774 4497 proposuimus
789 4412 891 4479 titulis
907 4419 1007 4478 semet
1020 4412 1106 4495 ipsos
1121 4412 1308 4492 superstites
1323 4411 1495 4496 deplorent,
1510 4413 1662 4480 habemus
1677 4432 1731 4481 eos
1745 4432 1879 4497 quoque,

248 4532 359 4613 quibus
380 4533 505 4609 mortui,
527 4537 685 4614 tamquam
710 4531 784 4597 meli
806 4531 926 4613 aliquid
949 4533 994 4598 eis
1017 4531 1181 4611 acciderit,
1210 4529 1401 4612 defleantur,
1425 4533 1512 4598 velut
1533 4532 1621 4614 virgo
1644 4534 1798 4614 quaedem
1822 4535 1879 4600 ini-

247 4651 397 4717 micorum
424 4649 495 4717 dolo
522 4651 709 4733 interempta
739 4651 770 4715 in
798 4649 927 4716 secundi
956 4651 1072 4718 soeculi
1099 4651 1335 4736 inscriptionei)
1366 4649 1561 4737 ταλαίπωρος
1589 4649 1695 4738 ἄωρος
1721 4649 1879 4738 παρθένος

249 4766 422 4849 appelletur
444 4769 573 4853 ipseque
595 4767 830 4835 Theosteriotus
852 4767 913 4834 sibi
934 4767 1059 4836 videtur
1081 4767 1205 4854 οἰκτρὸς
1227 4771 1338 4857 esse.⁴)

330 4887 417 4964 Quae
440 4907 510 4956 oum
532 4887 579 4954 ite
601 4887 675 4970 sint,
698 4887 749 4954 rix
772 4905 850 4968 opus
871 4889 1007 4955 arbitror
1029 4907 1108 4968 esse,
1132 4889 1271 4958 earmina
1292 4891 1540 4975 illeproponere,
1562 4891 1676 4972 quibus
1691 4890 1878 4974 compluries

254 5034 447 5052 m

348 5136 501 5204 ¹)m9291.
619 5138 685 5208 ²)n.
697 5142 790 5195 89021.
911 5139 1064 5204 dudm.
1185 5143 1333 5210 onemo

1688 5241 1722 5296 4!
