4748 6524
1044 696 1063 756 l

214 895 371 986 κοίμηοις
387 899 440 962 τοῦ
457 897 544 960 δεῖνα
565 896 768 980 similiterque
790 897 822 962 iu
845 897 936 966 titulo
958 900 1094 980 quodam
1109 899 1219 966 Italico
1228 899 1251 981 ¹)
1274 905 1416 968 mortuus
1439 901 1555 969 dicitur
1577 906 1766 970 surdaonum
1791 907 1874 991 ποιή-

218 1015 359 1080 σασθαι.
395 1017 485 1096 Quod
501 1035 574 1082 vero
590 1015 702 1083 titulus
718 1015 949 1100 l‘lorenrinnsi)
966 1020 1112 1099 praebet:
1135 1017 1283 1104 ἐντούτῳ
1304 1017 1352 1103 τῷ
1376 1019 1460 1106 τθπιρ
1483 1021 1672 1086 ἀναπαύεται
1696 1025 1729 1088 rd
1753 1027 1873 1110 πνεῦμα

220 1139 285 1199 τοῦ
308 1136 409 1218 δεῖνα,
432 1135 471 1202 da
494 1135 551 1202 bac
574 1135 707 1204 formula
730 1138 862 1204 manime
885 1139 1022 1205 notanda
1044 1138 1105 1204 alio
1127 1139 1195 1205 loco
1221 1137 1363 1222 pluribus
1387 1139 1610 1223 disputandum
1633 1142 1702 1208 erit.
1748 1143 1873 1226 Insigne

224 1255 349 1336 aliquid
370 1255 450 1322 alius
472 1274 597 1339 quoque
620 1256 730 1322 titulus
758 1256 896 1324 incertae
924 1257 1088 1340 originisu
1116 1275 1197 1324 anno
1220 1277 1249 1340 p.
1273 1255 1345 1324 Chr.
1363 1259 1425 1323 518
1449 1259 1640 1342 compositus
1663 1261 1803 1328 exhibet:

580 1374 709 1440 'uiduus
733 1377 784 1439 τὸν
807 1377 986 1466 ἁγρῆγορον
1010 1375 1104 1441 ὕπνον
1128 1376 1274 1440 καθεύδει
1299 1376 1522 1461 Εὐρνονμόνιος.

332 1500 422 1579 Quod
445 1483 680 1566 monumentum
703 1519 806 1566 annon
829 1496 1097 1566 adnumerandum
1120 1497 1162 1562 sit
1177 1495 1375 1574 christianin,
1398 1515 1587 1580 quamquam
1610 1515 1735 1564 crucem
1751 1497 1874 1578 adposi-

228 1625 386 1686 tamesae
412 1637 492 1685 unns
522 1638 560 1685 er
587 1619 631 1686 cis
660 1619 712 1698 qui
741 1617 867 1683 tilulum
890 1617 1058 1684 ediderunt
1080 1635 1225 1699 expresse
1248 1615 1391 1696 affirmat,
1416 1611 1555 1683 dubitari
1577 1621 1692 1700 potest.
1738 1617 1780 1682 At
1800 1617 1873 1684 licet

227 1739 282 1808 ille
304 1741 471 1822 erraverit,
502 1739 579 1820 ipsis
602 1739 704 1806 verbis
728 1739 838 1805 titulus
861 1735 1061 1803 Christianus
1084 1755 1152 1804 esse
1176 1737 1346 1818 probatur,
1376 1741 1402 1802 si
1422 1738 1548 1818 quidem
1571 1737 1603 1801 id
1626 1737 1709 1820 quod
1733 1755 1825 1804 versu
1841 1737 1870 1802 5.

227 1859 361 1942 legitur:
383 1864 540 1926 mortuum
557 1857 766 1945 προαπελθεῖν
783 1861 847 1922 τοῦ
871 1855 961 1922 καθ’
984 1858 1084 1946 ἡμᾶς
1104 1857 1191 1938 βίον
1214 1857 1305 1922 horno
1322 1875 1462 1940 paganus
1477 1858 1581 1925 nescio
1598 1877 1638 1924 an
1654 1877 1716 1924 non
1732 1859 1871 1940 poluerit

228 1977 343 2046 dicere.
389 1979 548 2048 Habemus
571 1979 666 2062 igitur
695 1998 764 2048 eam
787 1978 1030 2062 inscriptionem,
1053 1977 1085 2043 in
1108 1996 1263 2060 quacum
1286 1975 1465 2043 Christiana
1487 1976 1548 2044 tide
1570 1995 1765 2061 paganorum
1789 1979 1869 2044 ratio

226 2098 325 2164 mixta
346 2099 398 2166 sit.
432 2099 522 2178 Quod
544 2116 643 2181 genus
667 2097 830 2164 titulorum
851 2117 912 2164 non
928 2097 1019 2164 modo
1035 2098 1192 2178 prioribus
1209 2095 1342 2164 saeculis
1357 2097 1513 2163 interdum
1529 2100 1676 2177 occurrit,
1700 2097 1755 2164 sed
1771 2097 1870 2162 multo

227 2222 315 2300 post,
346 2235 416 2283 cnm
439 2216 637 2288 Christianae
659 2215 730 2284 fidei
753 2216 815 2282 iam
839 2221 907 2282 tota
929 2217 1057 2298 Europa
1078 2215 1186 2280 dedita
1208 2219 1307 2290 esset,
1334 2214 1477 2296 luerunt,
1500 2217 1554 2298 qni
1583 2223 1723 2283 veterum
1745 2215 1870 2284 dicendi

228 2339 381 2403 rationem
403 2335 613 2415 imitarentur,
636 2336 724 2402 cuins
746 2335 794 2401 rei
816 2355 886 2402 mox
909 2334 1080 2416 compluria
1103 2332 1244 2416 exempla
1265 2333 1441 2399 afferemus.
1487 2335 1554 2400 lam
1577 2355 1650 2401 vero
1673 2341 1709 2400 ut
1732 2342 1868 2402 reverta·

226 2475 308 2528 mur,
331 2456 414 2523 unde
430 2456 562 2538 digressi
579 2475 695 2538 sumus,
719 2457 898 2542 sepulcrum
913 2455 1016 2538 ipsum
1032 2454 1175 2538 plurimis
1191 2452 1292 2520 modis
1308 2453 1534 2535 appellabatur.
1567 2458 1612 2520 Ac
1628 2455 1727 2539 τάφος
1742 2454 1868 2535 quidem

226 2575 410 2642 vocabulum
426 2575 508 2641 sicot
530 2573 639 2640 θάπτω
656 2576 785 2644 verbum
800 2575 959 2642 rarissime
975 2573 1176 2641 adhibebant.
1210 2572 1247 2638 In
1264 2573 1339 2638 Asia
1354 2573 1450 2640 semel
1466 2574 1669 2658 reperitur,⁴)
1692 2575 1725 2640 in
1742 2575 1868 2656 Europa

227 2695 366 2776 exceptis
399 2695 664 2776 adscriptionihns
694 2713 789 2778 supra
816 2693 1078 2773 commemoratis,
1112 2691 1227 2776 quibus
1256 2697 1381 2774 tempus
1409 2692 1528 2760 lunaris
1555 2693 1800 2776 significaretur,
1834 2695 1867 2760 iu

226 2813 366 2896 quinque
382 2814 513 2897 titulis⁶)
536 2814 660 2896 legitur,
683 2815 738 2896 qui
761 2833 832 2882 cnm
853 2814 892 2880 ad
915 2833 1011 2880 unum
1027 2831 1134 2880 omnes
1149 2814 1292 2880 versibus
1307 2812 1449 2880 iambicis
1465 2815 1628 2896 compositi
1643 2815 1715 2894 sint,
1740 2820 1867 2899 propter

225 2933 326 3000 solum
348 2932 541 3016 syllabarum
564 2952 741 3000 mensnram
764 2934 844 3000 hanc
866 2953 973 3001 vocem
996 2939 1128 3016 apparet
1152 2937 1334 3014 usurpatam
1349 2951 1428 3000 esse.
1463 2935 1512 3002 Ab
1527 2912 1745 3018 acquiescendi
1761 2938 1866 3000 autem
1910 2963 1911 2967 =

226 3052 330 3118 verbis
352 3053 447 3119 dueta
469 3059 543 3118 suut
566 3051 658 3128 τύπος
681 3053 889 3126 ἀναπαύσεως
911 3058 943 3120 et
965 3053 1162 3140 κοιμητήριον
1194 3053 1354 3118 vocabula.
1395 3052 1474 3119 Cum
1503 3073 1577 3120 vero
1605 3050 1770 3136 κοιμᾶσθαι
1798 3073 1865 3121 ver·

227 3171 300 3238 bum
327 3172 412 3255 apud
435 3191 542 3238 omnes
565 3172 630 3240 lere
652 3174 737 3240 orbis
760 3178 917 3238 terrarum
939 3171 1079 3239 homines
1102 3169 1296 3238 Christianos
1319 3173 1537 3256 pervulgatum
1565 3191 1634 3239 esse
1658 3173 1863 3254 docuerimus,

225 3292 400 3358 mirandum
423 3299 472 3360 est
494 3294 692 3381 κοιμητήριον
714 3311 823 3360 rocem
844 3291 905 3358 nisi
927 3292 958 3356 in
981 3291 1133 3358 Graeciae
1156 3291 1311 3358 nonnullis
1339 3291 1454 3372 titulae,
1485 3292 1596 3358 deinde
1623 3293 1655 3356 in
1685 3293 1784 3358 trihus
1806 3293 1864 3359 so-

224 3430 293 3480 mac
315 3412 463 3496 repertis,
486 3414 518 3478 in
540 3433 602 3480 nno
624 3413 757 3496 denique
781 3411 907 3478 Melitae
928 3411 1048 3478 insulae
1071 3430 1132 3478 non
1155 3417 1288 3478 exstare.
1333 3409 1431 3478 unius
1454 3411 1500 3477 rei
1523 3412 1600 3478 haec
1622 3429 1717 3478 causa
1739 3411 1863 3479 videtur

225 3549 310 3612 esse,
332 3533 417 3612 quod
443 3533 640 3619 κοιμητήριον
666 3532 849 3598 uocabulum
875 3530 1033 3614 prioribus
1060 3531 1121 3596 iam
1148 3529 1282 3596 saeculis
1307 3531 1386 3597 adeo
1409 3531 1587 3614 percrebuit
1614 3531 1655 3596 ad
1685 3536 1784 3598 totum
1814 3549 1863 3597 se·
1966 3505 1970 3512 ¹

225 3649 399 3730 pulcretum
428 3647 681 3732 significandum,
714 3656 751 3716 ut
785 3651 833 3716 vel
862 3652 916 3731 qui
952 3651 1065 3716 Latina
1094 3649 1202 3732 lingua
1231 3649 1441 3732 loquebantur
1474 3649 1646 3716 Christiani
1677 3651 1863 3718 coemeterio

224 3769 273 3834 rel
295 3769 453 3836 cimeterio
476 3788 549 3836 voce
573 3773 735 3836 uterentur
757 3791 813 3854 pro
836 3770 1019 3862 darmitorio
1042 3777 1135 3836 antea
1159 3769 1284 3836 usitato.
1321 3769 1430 3851 ltaque
1453 3771 1492 3836 ad
1516 3770 1640 3850 singula
1661 3777 1861 3836 monumenta

225 3887 410 3968 appellanda
431 3885 465 3952 in
488 3903 577 3954 usum
602 3895 728 3971 recepta
750 3894 825 3954 suut
850 3888 914 3954 alia
942 3889 1100 3956 vocabula.
1146 3888 1283 3954 Primum
1307 3908 1325 3953 a
1346 3887 1524 3977 μεμνῆσθαι
1553 3890 1646 3954 verbo
1677 3891 1861 3972 repeteban-

226 4012 277 4072 tur
304 4011 471 4094 μνημεῖον,
498 4009 688 4094 μνημάριον,
719 4007 883 4096 ὑπόμνημα
912 4008 1105 4092 simplexque
1132 4011 1257 4096 μνῆμα,
1287 4007 1370 4090 quod
1394 4008 1425 4073 in
1448 4007 1524 4072 Asia
1547 4025 1765 4089 nonuunquam
1788 4027 1858 4074 eon·

226 4127 365 4191 iunctum
393 4125 507 4207 legitur
534 4144 604 4192 cnm
633 4145 708 4192 voce
738 4125 905 4212 διαφέρον,
927 4129 973 4194 ita
998 4127 1138 4210 quidem,
1166 4135 1201 4192 ut
1227 4127 1297 4209 Syri
1326 4127 1464 4192 adiciant
1486 4125 1624 4192 dativum
1648 4126 1733 4192 velut
1752 4131 1859 4212 μνῆμα
1965 4101 1966 4104 ¹

226 4241 376 4330 διαφέρον
411 4243 557 4331 diripi)
594 4245 704 4312 Cilices
736 4246 930 4328 genetivum:
963 4252 1071 4336 μνῆμα
1106 4245 1258 4332 διαφέρον
1294 4243 1509 4330 θεοθώροοΰ)
1547 4245 1685 4310 eiusdem
1722 4242 1857 4326 regionis

226 4364 368 4446 propriae
396 4371 470 4431 suut
496 4363 646 4432 ferurulae
680 4363 760 4453 θήκη
795 4369 1004 4454 παραστατοιὴ
1039 4369 1092 4430 τοῦ
1126 4366 1213 4430 δεῖνα
1248 4367 1326 4450 πρὸς
1360 4372 1394 4429 rd
1423 4363 1600 4453 μνησθῆναι
1635 4363 1728 4427 αὐτοῦ
1762 4371 1857 4446 atque

225 4499 303 4566 quae
318 4484 459 4551 crebrius
485 4485 600 4566 legitur
626 4487 852 4572 παραστατικὸν
876 4486 932 4569 (sc.
953 4486 1074 4574 μνῆμα)
1099 4489 1152 4550 τοῦ
1177 4485 1273 4549 δεῖνα.
1309 4483 1441 4550 Omnino
1468 4481 1547 4571 θήκη
1570 4485 1754 4550 vocabulum
1777 4483 1858 4551 sicut

225 4601 324 4682 θέσις,
348 4600 472 4690 dprrioo²
502 4609 607 4670 cetera
631 4623 651 4670 a
677 4601 791 4667 θέσθαι
813 4605 908 4672 verbo
931 4605 1026 4670 ducta
1048 4605 1217 4688 praecipue
1239 4605 1271 4668 in
1297 4602 1371 4668 Asia
1399 4601 1493 4668 moris
1518 4611 1606 4683 sunt,
1634 4603 1665 4668 in
1695 4602 1856 4669 occidente

226 4722 339 4787 unllnm
362 4740 454 4789 usum
481 4723 607 4790 hahent.
654 4723 732 4788 Nam
762 4722 847 4805 quod
868 4723 985 4790 Romae
1014 4723 1139 4806 saepius
1166 4723 1281 4807 legitur
1310 4719 1489 4803 sardicae,
1519 4719 1597 4786 nihil
1623 4721 1663 4787 ad
1690 4740 1770 4800 rem;
1798 4721 1855 4788 hac

227 4889 426 4908 ..Ἢ-

224 5085 236 5126 a
297 5002 348 5140 91¹)
364 5005 477 5061 naara
568 5005 591 5072 a,
607 5009 722 5062 assos
817 5005 841 5073 u
859 5021 885 5059 ο.
898 5008 975 5060 arao.
1070 5005 1094 5075 ι)
1111 5010 1225 5062 noaaa.
1323 5007 1345 5074 u
1364 5008 1571 5061 noassooss.
1590 5005 1852 5062 amomacum.

235 5090 287 5154 νο.
331 5090 373 5142 ss.
476 5091 630 5159 psoras.
