4748 6524
1038 748 1076 810 17

147 958 208 1015 ut
242 952 442 1020 laudibus
466 957 604 1018 mortuos
627 957 784 1018 ornarent.
830 953 1024 1033 Quamquam
1056 953 1255 1035 reperiuntur
1277 951 1376 1029 tituli,
1404 951 1435 1016 in
1464 953 1578 1032 quibus
1606 971 1663 1034 pro
1690 952 1876 1028 bumilitate,

157 1073 240 1136 cui
276 1071 483 1138 Christiani
504 1073 646 1138 homines
668 1073 707 1138 ab
730 1071 956 1152 antiquissimis
986 1072 1179 1153 temporibus
1207 1077 1366 1153 tamquam
1393 1087 1533 1136 summae
1560 1070 1670 1136 virtuti
1696 1072 1876 1153 studebant,

166 1191 392 1258 submisse
415 1192 453 1258 de
475 1191 552 1273 ipsis
575 1189 782 1256 confiteantur
804 1189 951 1257 defuncti.
985 1190 1080 1256 Velut
1102 1189 1281 1256 Bonifatius
1304 1187 1480 1256 Catinensis
1495 1189 1555 1256 sibi
1575 1189 1700 1256 videtur
1715 1208 1783 1258 esse
1798 1193 1878 1276 πάμ-

176 1331 269 1370 παν
318 1308 563 1395 ἁμαρτωλόςῑ),
595 1309 740 1375 Valerius
769 1309 894 1392 quidam
926 1308 1065 1376 Graecus
1094 1310 1235 1382 ταπεινὸς
1264 1307 1481 1394 πρεσβύτερος
1508 1313 1563 1394 της
1590 1308 1677 1392 ἁγίας
1705 1311 1753 1372 καὶ
1784 1305 1881 1374 καύοέ

189 1427 318 1515 λικῆς
355 1428 514 1515 ἐκκλησίας
544 1426 771 1510 appellatur²)‚
801 1425 963 1511 Syracusis
989 1435 1094 1493 autem
1122 1429 1204 1494 iacet
1234 1425 1346 1490 θάλπίσ
1375 1426 1533 1510 ἀναξίως
1563 1427 1676 1495 deinde
1704 1427 1737 1494 in
1765 1427 1878 1496 Tamen

194 1547 377 1631 episcopi
400 1547 593 1630 epitaphio⁴)
616 1552 783 1629 postquam
808 1549 847 1614 de
877 1565 913 1614 eo
943 1548 1158 1631 praedicatum
1184 1551 1247 1616 est:
1277 1541 1496 1636 ἀναμάρτητον
1524 1550 1598 1634 παρ’
1621 1548 1715 1612 αὐτοῦ
1738 1547 1878 1638 πραχθὲν

199 1669 323 1731 ἅπαν
346 1667 450 1753 ἔργον,
475 1667 580 1752 paullo
603 1668 775 1734 modestius
796 1668 874 1733 haec
896 1668 1070 1734 adduntur:

1027 1785 1056 1872 ἢ,
1080 1783 1161 1849 καύὰ
1184 1785 1223 1874 δη
1246 1783 1418 1873 ἄνθρωποι,

649 1904 817 1991 ἁμαρτόντι
839 1904 929 1990 άφες,
952 1903 1072 1986 άγαύός
1095 1905 1139 1968 ὢν
1162 1907 1210 1970 καὶ
1232 1900 1412 1992 φιλάνθρω-

649 2045 716 2106 πος,
740 2027 788 2089 καὶ
809 2026 1025 2114 συγχώρησον,
1048 2027 1094 2089 ότι
1116 2025 1171 2089 οὐκ
1192 2024 1274 2090 ἔστιν

648 2141 840 2228 ἀνθρώπων,
862 2143 898 2217 ὃς
921 2131 1048 2230 ζήσεται
1070 2147 1118 2208 κοιλ
1140 2144 1196 2233 οὐχ
1218 2145 1356 2232 ἁμαρτή-

651 2283 716 2326 οει·
740 2263 778 2327 σὺ
801 2264 861 2348 γὰρ
881 2263 980 2346 μόνος
1002 2265 1019 2326 ύ
1042 2262 1118 2338 θεὸς
1140 2263 1245 2350 πάσης
1267 2264 1366 2348 ἁμαρ-

648 2379 712 2456 τίας
735 2381 822 2455 ἐκτὸς
845 2375 998 2472 ὑπάρχεις
1020 2381 1198 2470 δικαιοσύνη
1215 2383 1263 2445 καὶ
1286 2383 1305 2469 η

648 2499 824 2588 δικαιοσύνη
848 2502 886 2566 σύ
909 2502 970 2586 γὰρ
994 2501 1031 2566 ελ.

236 2620 365 2701 Georgii
389 2619 524 2700 deniquo
544 2619 769 2702 archiepiscopi
792 2637 999 2687 commemoro
1021 2638 1131 2687 versus
1153 2621 1278 2686 saeculo
1306 2621 1433 2687 ineante
1460 2621 1557 2688 tertio
1586 2621 1705 2688 decimo
1735 2625 1885 2704 composi·

238 2743 289 2804 tos
312 2745 345 2804 et
365 2755 424 2821 pro
447 2737 531 2803 illins
554 2737 623 2803 aevi
647 2738 871 2805 consuetudine
894 2740 935 2804 ad
957 2757 1112 2805 summum
1135 2745 1288 2807 tumorem
1310 2741 1534 2824 perductum:

651 2857 692 2921 θύ
715 2856 793 2944 step
810 2854 934 2944 θνητῶν
957 2855 1108 2943 ἀφρόνων
1130 2856 1306 2946 ἐπηρμένος

650 2973 768 3064 ἔστησα
790 2980 893 3050 κακῶς
913 2974 1138 3042 λιύοσύνύετον
1161 2973 1273 3063 τάφον.

649 3095 692 3170 τίς
714 3097 776 3182 γάρ
798 3095 889 3176 λόγος
912 3095 1072 3182 σκώληκος
1095 3091 1327 3178 εύτελεοτάτου,

647 3215 703 3279 κᾶν
726 3215 759 3277 ἐν
783 3215 868 3299 τόπῳ
891 3213 1055 3300 κρύπτοιτο
1078 3215 1294 3301 κοσμιωτάτῳ;

243 3331 304 3398 Sed
326 3333 483 3414 plerisque
505 3333 606 3399 titulis
628 3337 685 3398 aut
707 3331 825 3413 aliquid
847 3333 949 3400 laudis
972 3335 1117 3400 tribuunt
1138 3341 1195 3400 aut
1221 3353 1359 3401 amorem
1387 3353 1479 3402 suum
1508 3341 1603 3419 atque
1632 3335 1880 3402 benevolentiam

244 3472 318 3535 erga
343 3455 505 3520 defunctos
531 3452 720 3536 profitentur
741 3453 935 3533 superstites.
971 3451 1083 3519 Statim
1099 3472 1174 3520 vero
1196 3456 1370 3537 apparebit,
1393 3475 1430 3523 ea
1453 3475 1488 3521 re
1509 3454 1793 3522 dissimilitudinem
1814 3473 1883 3522 sae-

244 3573 382 3640 colorum
402 3592 479 3639 esse.
514 3574 638 3637 Etenim
653 3591 723 3640 oum
738 3573 770 3636 in
785 3571 971 3652 antiquioris
986 3575 1099 3638 aetatis
1114 3573 1213 3639 titulis
1229 3575 1343 3640 mortni
1359 3576 1526 3657 praecipue
1549 3575 1593 3640 eis
1614 3575 1760 3658 epithetis
1775 3572 1881 3640 ornari

245 3692 387 3770 solerent,
410 3693 523 3774 quibus
539 3693 724 3772 superstites
740 3709 833 3774 quam
856 3691 1006 3773 singulari
1030 3711 1136 3758 amore
1158 3692 1229 3759 illos
1251 3693 1384 3776 amplexi
1408 3699 1513 3759 essent
1535 3691 1756 3776 significarent,
1778 3699 1882 3777 poste·

248 3809 361 3874 riorum
384 3815 558 3890 temporum
580 3811 658 3877 haee
679 3811 756 3891 ipsa,
780 3829 861 3894 quae
877 3810 917 3876 ad
932 3809 1098 3876 humanam
1114 3813 1277 3878 caritatem
1293 3813 1547 3892 voluntatemque
1562 3813 1767 3895 pertinerent,
1790 3814 1880 3878 omit-
1991 3897 1994 3904 Ι

249 3935 313 3997 tere
334 3930 494 4012 proprium
517 3936 594 3996 erat.
632 3931 743 4012 ltaque
765 3931 950 4014 γλυκύτατος
972 3929 1059 4009 illud,
1082 3931 1164 4014 quod
1187 3950 1208 3996 a
1229 3929 1361 4012 paganis
1383 3929 1561 3996 hominibus
1583 3930 1722 3994 omnium
1744 3929 1880 3996 maxime

248 4054 427 4131 usurpatum
458 4067 527 4114 esse
555 4055 692 4122 constat,
718 4049 750 4113 in
778 4049 966 4115 Christianis
997 4051 1097 4116 titulis
1128 4051 1188 4114 nisi
1215 4050 1354 4132 priorum
1387 4051 1582 4118 saeculorum
1616 4069 1678 4116 non
1711 4049 1880 4126 invenitur,

250 4167 274 4232 si
289 4166 411 4249 quidem
432 4186 470 4233 ex
491 4167 536 4232 eis
557 4167 812 4248 inscriptionibus
833 4169 907 4235 licet
929 4170 1080 4250 conicere,
1104 4188 1235 4252 quarum
1259 4169 1298 4234 de
1321 4169 1514 4252 temporibus
1537 4169 1614 4234 certi
1630 4168 1747 4248 aliquid
1771 4168 1879 4252 liquet

251 4285 430 4366 Reperimus
456 4287 487 4351 in
511 4287 589 4352 urbe
609 4288 649 4351 ad
671 4287 801 4368 triginta
822 4285 931 4352 titulos
953 4288 1033 4354 hanc
1055 4307 1161 4354 vocem
1188 4287 1400 4366 continentes,
1431 4289 1484 4368 qui
1507 4287 1629 4352 etiamsi
1652 4304 1713 4350 non
1737 4286 1840 4352 ounoti
1863 4304 1881 4351 e

253 4405 440 4468 coemeteriis
455 4405 536 4470 eruti
553 4410 637 4485 sunt,
659 4409 763 4470 tamen
779 4390 885 4470 omnes
901 4407 1074 4486 antiquoris
1097 4407 1166 4471 aevi
1182 4406 1328 4470 videntur
1344 4423 1422 4470 esse.
1459 4405 1636 4470 Praeterea·
1650 4404 1764 4468 omisso
1787 4402 1879 4468 titulo

253 4521 344 4599 9870,
372 4524 436 4602 qui,
459 4541 528 4589 oum
553 4522 694 4588 versibus
717 4523 759 4588 sit
780 4524 984 4606 compositus,
1008 4525 1094 4589 nullo
1118 4543 1246 4590 numero
1270 4524 1427 4604 putandus
1450 4528 1507 4599 est,
1532 4524 1593 4587 duo
1618 4521 1703 4587 tituli
1726 4523 1765 4587 ab
1788 4522 1881 4586 ltalia

253 4643 370 4707 oriundi
392 4661 499 4708 vocem
515 4643 700 4724 γλυκύτατος
715 4644 875 4724 praebent,
899 4661 1030 4725 quorum
1046 4645 1168 4726 alter⁶),
1193 4641 1330 4706 Catenae
1352 4647 1506 4720 repertus,
1531 4638 1723 4704 Kircbbolfio
1752 4648 1880 4706 auctore

255 4762 289 4824 ad
310 4761 436 4828 saecula
459 4770 604 4844 quartum
628 4763 679 4828 vel
700 4761 843 4844 quintum
867 4763 1050 4828 referendus
1073 4769 1137 4839 est,
1165 4759 1331 4841 alteruml)
1355 4757 1393 4822 V.
1417 4759 1461 4824 el,
1487 4757 1700 4824 Camaldolum
1724 4778 1741 4822 e
1763 4777 1882 4823 coemo·

257 4877 337 4942 teriis
359 4881 445 4946 urbis
468 4883 595 4946 allatum
619 4899 688 4947 esso
711 4885 825 4945 censet.
871 4882 907 4944 ln
930 4883 1059 4946 orientis
1082 4900 1156 4947 vero
1179 4880 1341 4946 titulorum
1365 4895 1493 4942 numero
1517 4878 1575 4940 hoc
1598 4877 1637 4942 de
1666 4894 1728 4958 quo
1757 4876 1879 4958 agimus

256 4993 454 5009 ½

352 5045 374 5110 1)
391 5061 415 5098 n.
428 5050 503 5104 9474.
622 5049 776 5116 anonae.
896 5049 1050 5115 quassa
1170 5048 1326 5114 armar.
1453 5044 1608 5112 queas.
1729 5041 1880 5108 ηοοοιο.

256 5123 403 5195 quassa
1710 5193 1728 5246 8
