4748 6524
1295 653 1333 717 lu

1210 743 1410 752 -ι------

492 875 552 922 non
575 855 612 922 iit
634 859 792 923 memoria.
837 857 985 924 Mercurii
1008 861 1113 923 autem
1137 857 1203 922 dies
1226 859 1273 922 vel
1301 858 1380 924 seria
1407 865 1535 944 quarta:
1565 845 1718 946 ὴμέραῖ
1739 860 1918 926 nominatur
1949 859 1997 925 vel
2024 859 2150 946 ἡμέρα

486 992 613 1076 «Ερμοῦ,
635 993 702 1059 dies
717 993 801 1060 Iovis
816 993 921 1081 ἡμέρα
938 981 1038 1060 {sive
1054 993 1157 1080 ἡμέρα
1178 993 1298 1080 πέμπτη
1320 1001 1376 1061 aut
1397 995 1501 1082 ἡμέρα
1523 993 1601 1070 Διός.
1636 992 1769 1062 Veneris
1792 993 1859 1062 dies
1881 1011 2004 1078 semper
2026 993 2150 1082 ἡμέρα

494 1113 677 1200 παρασκευή
701 1112 895 1196 appellatur,
922 1111 1050 1178 Saturni
1073 1113 1140 1180 dies
1162 1118 1219 1180 uui
1240 1113 1405 1197 σάββατον
1427 1115 1492 1180 sive
1514 1113 1665 1197 σάββατα
1687 1119 1743 1180 aui
1764 1112 1867 1201 ἡμέρα
1889 1111 2021 1198 Κρόνου.
2066 1111 2149 1177 Ad-

491 1231 665 1298 notandum
689 1251 762 1298 vero
785 1235 842 1310 est,
866 1229 919 1296 illa
941 1232 1069 1298 deornm
1092 1231 1219 1298 nomina
1241 1231 1429 1315 antiquioris
1457 1231 1557 1298 solum
1581 1231 1650 1298 aevi
1672 1232 1928 1314 inscriptionibus
1943 1232 2003 1312 edi,
2026 1250 2152 1298 recen-

490 1352 606 1416 tiorum
629 1357 803 1434 temporum
826 1351 967 1418 homiues
989 1359 1045 1416 aut
1067 1351 1198 1433 simplici
1221 1349 1318 1416 leriae
1341 1369 1471 1416 numero
1493 1359 1550 1418 aut
1570 1349 1757 1416 Iudaeorum
1780 1351 1844 1415 ritu
1865 1351 1913 1415 uti
1934 1350 2095 1415 maluisse

593 1473 697 1553 Atque
719 1471 865 1552 quoniam
889 1473 929 1536 de
951 1473 1061 1538 diebus
1084 1471 1304 1552 disseruimuS,
1328 1470 1377 1535 vel
1399 1469 1509 1534 boram
1531 1471 1641 1536 mortis
1663 1486 1883 1550 nonnunquam
1907 1469 2021 1536 litteris
2043 1488 2143 1534 man·

492 1591 597 1656 datam
621 1607 690 1655 esso
712 1589 865 1656 addimus.
899 1587 988 1655 Hanc
1010 1589 1148 1672 quinque
1171 1591 1295 1654 omnino
1319 1587 1403 1654 tituli
1425 1589 1586 1671 praebent,
1609 1589 1756 1670 equibus
1772 1607 1841 1656 cum
1858 1589 1956 1666 tres¹)
1979 1587 2053 1654 noni
2068 1589 2144 1654 sint

491 1709 624 1791 saeculi,
654 1709 766 1793 unue²l
790 1710 967 1776 duodecimi
989 1729 1025 1776 ac
1047 1729 1086 1776 ne
1109 1711 1236 1792 quintus
1259 1710 1416 1793 quidem³)
1445 1713 1587 1776 vetustus
1616 1707 1760 1773 videatur
1788 1725 1871 1786 esse,
1900 1707 2139 1787 antiquioribus

492 1831 684 1911 temporibus
708 1830 815 1895 horam
839 1833 948 1896 mortis
971 1827 1095 1894 adicere
1117 1847 1179 1894 non
1202 1829 1298 1894 luisse
1320 1831 1415 1894 moris
1437 1826 1693 1894 verisimillimum
1717 1832 1774 1892 est

455 1938 459 1943 ’
595 1947 757 2013 Annorum
781 1947 915 2030 denique
950 1947 1102 2012 rationem
1136 1946 1292 2027 triplicem
1324 1945 1490 2014 habemus:
1527 1965 1620 2012 unam
1652 1945 1692 2010 ab
1722 1961 1797 2010 aera
1825 1943 1961 2026 quadam
1991 1945 2134 2023 ductam,

495 2065 628 2132 alteram
651 2065 812 2132 consulum
835 2065 1080 2146 referendorum,
1103 2065 1284 2132 indictionis
1306 2067 1527 2149 proponendae
1551 2066 1685 2132 tertiam.
1729 2065 1868 2142 Quarum
1891 2081 1987 2145 quam
2009 2071 2135 2146 postre-

490 2203 573 2250 mam
596 2184 739 2265 diximus,
763 2204 891 2266 prorsus
914 2185 1022 2268 inepta
1045 2186 1183 2266 videtum
1214 2204 1348 2269 namque
1371 2203 1441 2252 cum
1464 2205 1525 2268 quo
1549 2184 1726 2251 indictionis
1748 2182 1880 2250 alicuius
1907 2201 1988 2248 anno
2015 2182 2135 2264 aliquis

494 2309 635 2368 mortuus
658 2305 699 2369 sit
722 2304 885 2384 reseratur,
908 2312 1023 2388 quotae
1045 2304 1226 2372 indictionis·
1245 2305 1297 2369 ille
1317 2323 1418 2369 annus
1434 2305 1551 2369 sitnon
1567 2305 1731 2378 indicetur,
1754 2303 1904 2383 temporie
1918 2299 2134 2367 definitionem

493 2420 585 2502 plane
606 2421 749 2490 inutilem
769 2440 841 2491 ’esse
864 2444 955 2492 nemo
978 2431 1027 2490 est
1048 2425 1123 2507 quin
1145 2422 1317 2502 intelleget.
1362 2423 1430 2486 Hoc
1453 2439 1548 2486 unum
1570 2420 1728 2488 affirmare
1749 2422 1824 2488 licet
1846 2421 1997 2488 eiusmodi
2021 2420 2133 2486 titulos

493 2547 566 2606 ante
590 2561 705 2606 aunum
728 2562 758 2623 p.
783 2541 855 2607 Olrr.
876 2544 948 2623 312,
971 2560 1034 2624 quo
1055 2561 1137 2608 anuo
1159 2562 1179 2610 a
1201 2541 1406 2606 Constantino
1428 2541 1612 2606 indictiones
1635 2541 1798 2608 institutas
1822 2561 1891 2608 esse
1913 2547 2044 2622 constat,
2067 2558 2132 2606 uon

493 2677 587 2742 posse
602 2661 735 2740 scriptos
757 2679 843 2743 esse,
865 2679 902 2727 ec
924 2661 973 2727 vel
996 2661 1054 2728 boc
1076 2661 1237 2742 probabile
1260 2661 1391 2742 videtur,
1414 2662 1498 2744 quod
1521 2663 1560 2727 de
1582 2663 1712 2729 Rosslus
1735 2661 1902 2744 disserit,⁴)
1924 2659 2130 2728 indictionum

492 2779 533 2844 ad
556 2779 766 2862 designandos
789 2799 887 2846 annos
910 2780 1157 2848 adhibendorum
1181 2801 1272 2848 usum
1294 2783 1456 2864 paullatim
1479 2781 1709 2847 increbrescere
1732 2779 1872 2860 coepisse
1894 2781 1939 2844 ita
1953 2780 2080 2860 quidem
2095 2787 2132 2846 ut

492 2897 642 2982 Aegyptii
664 2899 755 2980 primi
778 2899 823 2964 eis
847 2903 1020 2980 uterentur,
1043 2909 1132 2968 extra
1145 2902 1323 2985 Aegyptum
1346 2907 1419 2967 ante
1441 2901 1579 2968 medium
1602 2897 1760 2966 saeculum
1775 2899 1919 2982 quintum
1934 2899 2130 2981 paucissimis

494 3015 595 3084 titulis
617 3017 804 3083 indictiones
827 3019 1088 3086 adscriberentur.
1122 3020 1158 3086 In
1181 3021 1341 3090 occidente
1364 3039 1436 3087 vero
1458 3019 1538 3088 hanc
1561 3016 1710 3102 temporis
1728 3017 1937 3083 definitionem
1953 3017 2038 3083 hand
2052 3019 2129 3084 satis

495 3139 652 3217 acceptam
675 3134 773 3203 luisse
794 3138 853 3204 hoc
875 3139 1052 3206 testimonio
1075 3147 1132 3220 est,
1155 3142 1239 3222 quod
1255 3140 1365 3206 ltaliae
1388 3141 1626 3223 inscriptionum
1647 3139 1679 3204 in
1702 3138 1882 3202 universum
1904 3137 2043 3218 quinque
2060 3154 2127 3202 eam

494 3253 655 3334 praebent,
678 3255 832 3336 equibus
855 3258 953 3340 tres⁵l
976 3259 1159 3325 duodecimo
1182 3259 1373 3341 compositae
1395 3265 1469 3324 suut
1490 3258 1625 3325 saeculo.
1670 3257 1706 3321 In
1730 3254 1901 3320 occidentis
1923 3253 2005 3319 euim
2030 3253 2128 3320 filulis

494 3371 678 3453 plerumque
700 3376 862 3440 consulum
886 3378 1010 3443 uomina
1032 3377 1144 3443 litteris
1168 3379 1412 3459 mandabantur,
1441 3377 1494 3460 qui
1517 3393 1584 3441 mos
1606 3380 1670 3442 tam
1692 3375 1747 3440 diu
1770 3371 1868 3438 valuit
1894 3373 2044 3454 quamdiu
2066 3391 2127 3439 om-

496 3489 570 3556 nino
592 3489 720 3558 lucrum
741 3496 895 3575 consules,
917 3496 937 3560 i.
962 3517 987 3568 e.
1012 3514 1111 3578 usque
1134 3499 1174 3562 ad
1196 3515 1312 3564 annum
1335 3518 1365 3581 p.
1389 3497 1463 3563 Chr.
1478 3497 1551 3562 536.
1596 3495 1658 3562 Sed
1681 3497 1713 3560 in
1735 3493 1812 3560 Asia
1833 3511 1958 3576 quoque
1980 3500 2075 3574 atque
2095 3494 2125 3558 in

497 3609 631 3677 Graecia
652 3632 690 3678 ex
712 3616 874 3681 consulum
897 3618 1018 3684 ratione
1041 3618 1191 3684 siminus
1214 3618 1310 3684 moris
1333 3624 1401 3684 erat
1423 3634 1603 3691 numerare,
1626 3620 1660 3679 at
1688 3616 1885 3678 numeratum
1915 3619 1964 3678 est
1989 3629 2126 3680 nonnun-

499 3749 609 3814 quam;
640 3749 777 3814 casuque
799 3733 934 3817 quodam
958 3737 1073 3804 lactum
1096 3745 1153 3818 est,
1177 3743 1211 3804 ut
1234 3737 1301 3803 eius
1324 3739 1413 3818 anni,
1442 3756 1504 3818 quo
1527 3733 1669 3817 byzantii
1692 3731 1834 3798 consules
1862 3751 1933 3800 esse
1960 3733 2122 3808 desierunt,

500 3850 561 3916 duo
585 3849 670 3916 tituli
693 3853 808 3918 servati
832 3854 895 3920 siut
917 3855 1089 3939 Smyrnaei,
1112 3875 1244 3940 quorum
1259 3856 1369 3937 altem)
1385 3856 1615 3934 Timoslratam,
1638 3849 1750 3934 alterll
1766 3849 1957 3934 Strategium
1974 3849 2121 3931 quendam

500 3988 518 4035 e
541 3969 606 4035 viia
629 3969 800 4038 decessisse
823 3973 913 4040 docet
936 3977 985 4042 die
1007 3978 1142 4059 quodam
1166 3973 1293 4048 ὑποτῖος
1316 3971 1369 4038 dl.
1393 3973 1538 4036 Baorlr'oo
1562 3973 1615 4034 τοῦ
1637 3947 1874 4055 λαμπροτάτου,
1896 3987 1986 4051 quem
2008 3969 2123 4050 pusile-

503 4105 586 4152 mum
610 4086 766 4154 consulem
790 4091 995 4174 Byzantinum
1019 4093 1115 4162 luisse
1138 4094 1301 4177 constat.⁸)
1346 4092 1476 4176 Saepius
1499 4111 1573 4158 vero
1595 4091 1765 4158 occidentis
1788 4089 1958 4157 Christiani
1985 4105 2123 4158 aerarum

500 4251 704 4266 m

604 4353 627 4415 1)
644 4367 670 4407 n.
684 4355 777 4407 9286⁸.
798 4353 892 4410 euseb.
911 4357 987 4408 9346.
1089 4355 1112 4419 ⁹)
1129 4371 1155 4408 n.
1173 4357 1249 4409 9539.
1352 4355 1374 4420 ³)
1391 4370 1417 4408 n.
1435 4355 1511 4410 9847.
1623 4356 1646 4421 ⁴)
1663 4354 1855 4424 inscriptiones
1873 4347 2038 4406 Christianae
2056 4348 2123 4402 urbis

504 4435 607 4491 Romae
625 4435 685 4490 Vol.
703 4437 723 4490 I.
741 4436 828 4491 Praei.
846 4456 872 4508 p.
885 4437 1007 4494 xcviii.
1127 4441 1149 4510 l)
1167 4456 1192 4493 n.
1206 4443 1281 4494 9535.
1299 4443 1374 4494 9540.
1392 4443 1467 4495 9544,
1587 4441 1610 4508 6)
1628 4441 1742 4495 nesii.
1874 4438 1897 4504 t)
1915 4437 2028 4490 59278.

502 4522 524 4588 ⁸)
543 4519 723 4576 Kirchhofiius
741 4521 891 4578 indictionis
907 4539 1046 4578 numerum
1064 4524 1209 4592 respiciens
1227 4539 1324 4578 annum
1343 4539 1400 4578 esse
1419 4541 1444 4593 p.
1463 4525 1524 4578 Chr.
1541 4529 1592 4581 542
1610 4525 1728 4579 adnotat.
1763 4524 1806 4578 Ea
1823 4529 1913 4578 tamen
1930 4522 1958 4575 in
1974 4535 2004 4574 ra
2022 4517 2121 4574 errarit

502 4601 616 4659 indictio
634 4605 705 4659 enim
722 4603 749 4664 ς’
766 4621 825 4660 cum
843 4607 953 4676 incipiat
971 4625 987 4662 u
1005 4608 1059 4663 Gal.
1078 4609 1211 4678 Septemb.
1230 4609 1292 4663 anni
1310 4613 1373 4674 542,
1397 4609 1515 4664 eiusdem
1533 4611 1684 4666 indictionis
1702 4611 1803 4678 Aprilis
1825 4608 1922 4664 mensis
1946 4605 2017 4662 cadit
2040 4605 2066 4657 in
2083 4618 2122 4658 ao·

503 4705 566 4742 num
585 4693 643 4744 543.
678 4691 774 4759 ltaque
793 4697 941 4761 temporum
960 4695 1028 4748 ratio
1050 4711 1104 4749 non
1127 4695 1257 4749 convenit.
1292 4695 1407 4749 Basilius
1429 4695 1498 4748 onim
1523 4711 1583 4750 cum
1601 4696 1664 4750 anni
1681 4699 1729 4750 541
1749 4694 1841 4750 consul
1858 4693 1965 4758 fuisset,
1982 4688 2044 4744 anui
2063 4689 2123 4744 inse·

504 4779 616 4843 quantes
634 4775 673 4829 ita
690 4774 794 4830 definiri
812 4777 940 4848 solebant,
957 4785 988 4834 ut
1006 4780 1159 4835 dicerentur
1175 4796 1261 4836 annua
1278 4787 1340 4849 post
1357 4780 1522 4835 conuiuatum
1534 4781 1626 4836 Basilii
1638 4781 1747 4849 primm,
1767 4779 1898 4835 secundus
1915 4781 1974 4844 eet,
1991 4789 2062 4830 anuo
2081 4780 2124 4832 543

504 4874 568 4915 uero
587 4860 701 4915 Basilius
718 4861 857 4916 etiamtum
875 4865 967 4919 consul
986 4881 1043 4922 esse
1060 4883 1114 4924 non
1135 4867 1224 4936 potuit
1246 4867 1305 4922 dici.
1342 4866 1454 4923 Videtur
1475 4867 1558 4936 igitur
1578 4864 1729 4920 indictionis
1752 4877 1876 4920 numerus
1898 4865 2041 4929 corruptus
2065 4878 2123 4930 esse,

504 4959 554 5014 pro
573 4961 626 5011 qno
644 4945 692 4998 lvd.
711 4944 740 4998 δ’
757 4945 924 5002 scribendum
942 4957 1007 5004 erat.

615 5029 735 5086 Alterius
754 5031 824 5085 tituli
843 5037 878 5101 (n.
898 5035 975 5102 aaut,
993 5053 1090 5096 anatim
1109 5052 1168 5096 cam
1187 5037 1367 5096 Kirchlrollius
1389 5037 1500 5094 adnotat
1517 5053 1542 5109 p.
1561 5035 1623 5092 Chr.
1640 5039 1693 5094 otu
1710 5051 1783 5108 esse,
1805 5052 1839 5092 ne
1862 5036 1915 5092 hoo
1937 5035 2044 5108 quidem
2060 5041 2120 5091 recto
