4748 6524
234 2369 329 2502 Iure
351 2437 386 2501 F.
408 2435 540 2520 Piperus
562 2455 632 2502 curn
659 2435 692 2501 in
721 2435 792 2502 aliis
819 2454 897 2519 quos
926 2434 965 2500 de
996 2436 1096 2502 titulis
1125 2435 1312 2502 Christianis
1339 2435 1466 2519 scripsit
1493 2437 1582 2504 libris
1611 2444 1677 2503 tum
1706 2440 1742 2503 in·
1765 2435 1870 2504 libello

234 2553 413 2638 nuperrime
429 2555 551 2642 ¹edito¹)
574 2556 688 2621 iterum
711 2561 806 2638 atque
829 2555 944 2621 iterum
968 2557 1085 2638 quanto
1115 2553 1353 2637 inscriptionum
1383 2562 1530 2624 accurata
1559 2556 1696 2641 cognitio
1727 2557 1798 2622 usui
1828 2559 1871 2622 sit

235 2673 410 2756 explicavit.
445 2673 555 2756 Neque
577 2675 659 2740 enim
683 2675 722 2739 de
742 2673 923 2757 pontificum
945 2672 1019 2738 uitis
1042 2670 1143 2739 solum
1166 2679 1222 2739 aut
1245 2673 1283 2740 de
1311 2674 1513 2741 conciliorum
1539 2676 1618 2742 actis
1641 2676 1741 2741 muita
1763 2695 1800 2742 ex
1823 2677 1869 2742 eis

234 2791 373 2875 intellegi
397 2811 489 2874 posse
511 2789 548 2856 V.
573 2789 617 2857 Ol.
642 2792 814 2859 rectissime
842 2793 903 2872 ait,
930 2792 985 2858 sed
1014 2791 1183 2874 plurimum
1213 2811 1266 2858 eas
1295 2791 1401 2859 valere
1428 2795 1468 2859 ad
1498 2793 1729 2876 cognoscendos
1757 2813 1869 2871 mores,

233 2910 483 2989 consuetudines,
505 2911 672 2992 religiones
694 2909 940 2978 Christianorum
963 2917 1020 2978 aut
1042 2909 1127 2994 vulgi
1150 2909 1337 2992 Christiani,
1366 2913 1449 2996 quod
1471 2915 1545 2994 quid
1568 2915 1700 2981 sentiret
1722 2933 1742 2980 a
1763 2933 1867 2981 rerum

232 3029 409 3096 divinarum
432 3029 638 3112 scriptoribus
661 3030 782 3113 neglegi
806 3029 968 3114 solebatl)
1002 3029 1117 3096 Mirum
1140 3033 1239 3114 igitur
1260 3031 1394 3112 videtur,
1417 3033 1501 3115 quod
1524 3033 1581 3098 viri
1605 3033 1688 3100 docti
1711 3033 1867 3100 derebus

233 3149 449 3218 ecclesiasticis
473 3149 663 3216 disserentes
685 3168 814 3232 perraro
837 3169 854 3216 e
877 3150 978 3216 titulis
1002 3149 1188 3238 Christianis
1218 3169 1311 3234 qucrn
1340 3151 1517 3219 debuerunt
1543 3153 1678 3220 iructum
1707 3161 1867 3235 ceperunt.

232 3273 301 3338 Non
323 3291 386 3354 quo
409 3291 539 3354 prorsus
561 3271 694 3338 omissae
716 3271 781 3336 sint
800 3271 1033 3355 inscriptiones:
1062 3271 1157 3337 immo
1178 3271 1408 3352 antiquioribus
1430 3271 1493 3337 iarn
1518 3271 1709 3354 temporibus
1732 3291 1749 3338 e
1772 3274 1868 3356 scrip-

232 3391 353 3458 toribus
375 3393 501 3474 quidam
524 3397 725 3458 monumenta
747 3387 926 3456 Christiana
949 3391 981 3456 in
1011 3409 1076 3456 rem
1103 3406 1193 3456 suam
1215 3397 1454 3476 converterunt3
1481 3391 1568 3458 velut
1589 3389 1785 3458 Godoiredus
1807 3393 1867 3458 Ar·

232 3511 355 3578 noidius
378 3512 504 3594 saepius
527 3511 627 3578 titulis
649 3511 874 3594 sepulcrallbus
897 3511 998 3577 utitur
1020 3511 1060 3576 ad
1083 3513 1184 3577 certas
1206 3529 1258 3577 res
1281 3509 1485 3576 declarandas
1508 3518 1626 3576 necnon
1654 3510 1685 3576 in
1715 3511 1865 3576 centuriis

231 3631 555 3714 Magdcburgensibus
577 3650 657 3713 quae
679 3639 830 3698 vocantur
852 3631 1002 3697 nonnulla
1024 3651 1042 3696 e
1064 3630 1273 3697 monumentis
1295 3637 1455 3712 petuntur.
1493 3630 1538 3695 Ut
1559 3645 1631 3696 vero
1653 3630 1691 3708 is,
1714 3649 1776 3712 quo
1799 3631 1865 3711 dig-

230 3769 290 3817 nae
305 3753 388 3828 sunt,
412 3747 532 3830 fructus
547 3769 585 3815 ex
600 3751 644 3815 eis
666 3751 857 3833 percipiatur
872 3755 995 3816 tentum
1010 3751 1109 3825 obest,
1131 3755 1168 3815 ut
1181 3747 1232 3816 uel
1253 3749 1479 3817 recentioribus
1501 3748 1692 3830 temporibus
1716 3769 1735 3815 u
1756 3748 1863 3814 multis

229 3867 434 3952 scriptoribus
456 3867 670 3950 negleguntur.
715 3869 868 3935 Kurtzius
886 3867 978 3956 xverbi
1001 3885 1098 3936 causa
1118 3868 1151 3934 in
1173 3869 1254 3934 libro
1278 3869 1317 3935 de
1339 3869 1471 3936 historia
1497 3887 1587 3934 sacre
1616 3869 1787 3951 composito
1817 3867 1864 3932 in-

230 3987 436 4084 scriptiones·
452 3986 574 4052 tabulas
595 3987 713 4069 pictas,
743 3988 848 4053 omnia
869 3989 1003 4068 denique
1025 3993 1226 4054 monumenta
1246 3987 1369 4052 minimi
1391 3988 1537 4071 ponderis
1558 4007 1628 4054 esse
1650 3993 1758 4070 aperte
1780 3987 1863 4051 affir-

229 4109 336 4191 mati)
358 4107 545 4186 Niednerus,
569 4077 693 4185 Hasius,
716 4108 768 4172 alii
791 4127 831 4173 ne
854 4111 1096 4174 commemorent
1117 4107 1253 4189 quidem.
1296 4107 1436 4190 Cumque
1458 4107 1497 4171 de
1520 4105 1617 4172 titulis
1642 4107 1773 4189 paganis
1799 4107 1863 4188 ple·

230 4229 319 4312 rique
340 4227 398 4294 viri
420 4227 590 4296 doctissimi
613 4229 818 4294 disseruerint
840 4227 871 4292 in
896 4229 1024 4310 diesque
1046 4233 1201 4308 augeatur
1223 4245 1370 4292 numerus
1386 4223 1622 4306 inscriptionum
1640 4225 1689 4289 vel
1705 4223 1860 4290 editurum

229 4345 279 4413 vel
300 4349 477 4414 accuratius
499 4353 716 4414 enarraturum
739 4368 775 4414 ae
797 4367 888 4415 nemo
910 4348 975 4414 iere
990 4349 1040 4424 sit,
1062 4348 1116 4428 qui
1131 4347 1164 4412 in
1180 4347 1391 4412 describendis
1409 4344 1596 4410 Graecorum
1613 4345 1861 4412 Romanorumve

228 4467 321 4534 rebus
344 4486 451 4533 curam
473 4487 581 4533 earum
603 4467 727 4546 abiciat,
751 4466 922 4532 tractandis
945 4465 1200 4549 inscriptionibus
1216 4461 1401 4530 Christianis
1425 4481 1523 4546 usque
1542 4464 1581 4530 ad
1597 4468 1704 4530 nostra
1719 4469 1861 4547 tempora

227 4585 406 4667 paucissimi
429 4585 566 4652 debitam
588 4605 715 4669 operam
738 4591 941 4652 navaverunt.
980 4587 1026 4651 Eo
1049 4587 1149 4669 magis
1171 4591 1351 4668 exoptatum
1372 4581 1441 4664 luit,
1464 4587 1548 4666 quod
1570 4584 1628 4654 bac
1650 4593 1861 4655 8818188888-

328 4824 457 4892 1)Uebsr
479 4823 532 4878 den
554 4821 893 4890 kirchengesobichtlichen
910 4823 1019 4877 Gewinn
1042 4837 1091 4876 aus
1113 4822 1274 4878 Insohrilten
1296 4822 1477 4878 vornehmlich
1500 4822 1549 4876 des
1573 4821 1745 4877 christlichen
1769 4821 1860 4876 Alter·

226 4909 325 4964 thnms.
360 4909 420 4965 Von
438 4911 484 4965 Dr.
503 4909 656 4964 Fordinand
679 4907 761 4977 Piper
784 4908 811 4962 in
834 4908 933 4962 Berlin.
974 4907 1154 4977 (Jahrhuoher
1176 4909 1219 4962 rur
1241 4907 1369 4964 deutsche
1393 4905 1859 4976 rnmlogiosmoxxr,rierr1.

228 4991 318 5045 Gothis
336 4998 421 5062 1876.)
545 4995 568 5064 ²)
587 4993 626 5049 (ii.
644 4992 726 5061 Piper
742 4991 788 5046 l.i.
806 5007 832 5060 p.
845 4995 886 5046 49.
1002 4991 1027 5060 θ)
1045 4989 1130 5044 sura
1148 4991 1299 5048 Handbuch
1316 4992 1365 5047 der
1382 4991 1559 5061 eilgemeinen
1576 4989 1857 5059 Rirchengosobiclntc.

225 5073 589 5149 Mitau1858,rollp.b:
619 5077 685 5132 »Dio
704 5077 866 5132 Denlrmblcr
884 5077 938 5146 (die
957 5081 1139 5145 sogenanrnten
1162 5083 1293 5132 munimen
1312 5075 1435 5144 Qusllsn)
1458 5093 1481 5132 s.
1500 5077 1531 5130 B.
1549 5075 1698 5132 kircbiicins
1722 5075 1859 5142 Gebtude,

226 5161 364 5230 Gemtlde,
382 5163 551 5235 lnnchriltsn¹
569 5165 628 5221 sind
645 5165 689 5220 ldr
706 5165 750 5221 die
766 5163 1038 5232 Knehengescniehte
1056 5161 1135 5218 meist
1151 5179 1202 5218 nur
1220 5180 1271 5219 von
1289 5163 1351 5218 sehr
1367 5159 1607 5232 untergeordnetsr
1624 5160 1807 5228 Bedentnng.‹
