4748 6524
1036 736 1075 802 31

185 944 273 1010 vel
309 941 486 1030 όμίόμηοον
515 942 608 1008 αὐτόν
635 943 651 1004 ό
682 939 756 1017 dede
783 943 865 1028 μετὰ
895 951 956 1006 τῶν
987 942 1082 1025 ἁγίων
1105 941 1195 1023 coel)
1224 939 1354 1020 similia,
1387 939 1510 1008 adiecta
1537 939 1682 1006 omnibus
1705 937 1771 1006 iere
1793 936 1876 1024 ἀμην

193 1083 329 1147 voce,
358 1083 440 1148 quae
467 1063 527 1130 nisi
555 1063 589 1129 in
617 1063 671 1130 ille
693 1081 750 1130 ora
771 1082 833 1130 non
855 1063 1001 1132 occurrit
1034 1063 1138 1144 Atque
1159 1061 1192 1127 in
1214 1060 1264 1126 his
1285 1058 1412 1142 quidem
1436 1057 1537 1125 titulis
1557 1058 1638 1141 ἅγιοι
1652 1057 1877 1139 intelleguntur

200 1202 307 1250 cum
337 1183 433 1250 ceteri
462 1183 577 1250 veteris
606 1183 787 1252 testamenti
809 1183 868 1250 riri
890 1181 991 1248 sancti
1013 1186 1080 1248 tum
1109 1178 1308 1262 patriarchae
1336 1179 1390 1261 qni
1420 1181 1587 1258 vocantur,
1614 1175 1723 1257 itaque
1749 1174 1876 1242 illerum

208 1304 401 1387 regionum
424 1302 565 1386 plerique
588 1301 673 1368 tituli
696 1301 849 1385 praebent
870 1300 1035 1369 formulam
1058 1299 1184 1366 aliunde
1206 1317 1268 1365 non
1290 1301 1412 1364 notam:

647 1420 829 1485 ἀνάπαυσον
851 1422 906 1509 τὴν
929 1421 1029 1509 ψυχὴν
1051 1421 1105 1508 την
1128 1419 1242 1508 δούλην
1265 1441 1323 1483 σου
1347 1421 1400 1482 τοῦ

620 1519 622 1522 ¹
648 1538 735 1604 δεῖνα
757 1537 790 1602 ἐν
813 1537 935 1613 κόλποις
957 1537 1097 1625 Ἀβραὰμ
1119 1540 1168 1603 καί
1184 1535 1266 1602 'Inda
1287 1539 1335 1603 καὶ
1357 1537 1476 1622 Ἰακώβ,

224 1659 287 1726 vel
645 1659 663 1720 ό
686 1657 790 1745 κόμιος
812 1657 993 1722 ἀνάπαυσον
1017 1658 1070 1746 τὴν

649 1779 749 1866 ψυχὴν
772 1779 826 1842 τοῦ
850 1776 937 1840 δεῖνα
959 1775 993 1842 ἐν
1015 1774 1137 1851 κόλποις
1160 1783 1223 1841 crde
1246 1773 1341 1859 ἁγίων

647 1895 793 1982 πατέρων
815 1895 954 1982 Ἀβραὰμ
976 1897 1024 1960 καί
1045 1893 1123 1959 Ἰοὰκ
1144 1896 1192 1958 καί
1213 1893 1337 1977 Ἰακώβ.

234 2016 274 2084 In
297 2019 474 2101 Aegyptum
497 2016 580 2084 enim
602 2033 673 2084 curn
695 2016 758 2081 ianr
781 2015 855 2082 inde
877 2033 896 2080 a
917 2015 1049 2096 septimo
1072 2019 1146 2080 onte
1168 2013 1329 2080 Christum
1352 2014 1477 2081 saeculo
1498 2012 1626 2097 plurimi
1641 2011 1754 2081 Iudaei
1776 2013 1878 2078 immi·

234 2141 391 2217 grassent
413 2135 664 2201 Ptolemaeorum
688 2137 793 2200 autem
816 2133 1009 2216 temporibus
1029 2133 1272 2204 innumerabiles
1293 2132 1360 2201 fere
1382 2134 1450 2200 eius
1472 2135 1576 2219 gentis
1598 2133 1740 2200 homines
1761 2131 1876 2200 ibidem

236 2254 461 2334 consedissent,
484 2258 726 2322 consentaneum
749 2256 806 2328 est,
830 2253 997 2336 plerosque
1018 2252 1129 2318 horum
1153 2253 1191 2318 de
1213 2253 1327 2334 quibus
1342 2253 1643 2335 agimustitulorum
1658 2254 1792 2336 scriptos
1807 2269 1876 2319 esse

171 2429 174 2432 .
235 2371 491 2451 abdominibus,
521 2371 577 2454 qui
599 2391 617 2437 e
639 2371 766 2438 ludaeis
789 2369 961 2438 Christiani
984 2371 1060 2437 facti
1089 2376 1194 2451 erant,
1222 2372 1305 2456 quod
1334 2390 1404 2437 curn
1435 2372 1490 2440 ille
1518 2371 1652 2440 tornulo
1678 2371 1878 2454 cognoscitur

237 2495 306 2557 tum
322 2489 511 2566 nominibus,
534 2509 666 2573 quorum
682 2489 849 2573 permulta,
872 2489 958 2556 velut
973 2489 1122 2575 Ἀβραὰμ,
1140 2490 1264 2575 Ἰακώβ,
1280 2488 1428 2576 Σαμοών,
1453 2489 1565 2576 Μαρία,
1588 2490 1776 2558 Iudaeorum
1792 2496 1875 2558 sunt.

236 2609 299 2674 Illa
321 2627 394 2676 raro
417 2607 551 2675 formula
572 2627 642 2677 cum
665 2616 754 2676 extra
775 2609 954 2694 Aegyptum
977 2609 1176 2692 Nubiarnqne
1199 2610 1322 2678 dnobus
1345 2611 1445 2678 solum
1469 2610 1570 2677 titulis
1592 2610 1792 2693 praebeatur,
1815 2628 1876 2676 non

239 2727 446 2794 dubitandum
473 2734 521 2794 est
547 2729 623 2810 quin
650 2728 735 2795 illius
764 2748 839 2796 orne
865 2728 908 2796 sit
937 2729 1115 2812 peculiaris.
1159 2730 1368 2810 Quamobrem
1396 2729 1523 2796 titulum
1552 2729 1640 2798 illurn
1667 2727 1877 2809 Catinensem

240 2847 330 2915 cuius
353 2847 444 2915 modo
467 2847 630 2915 attulimus
653 2845 798 2931 verbaz⁹l

646 2969 678 3052 (ό
701 2965 788 3032 deira
810 2966 918 3050 κεῖται)
943 2966 1076 3041 πίστεως
1092 2967 1187 3056 χάριν
1205 2963 1324 3052 Ἀβμὰμ
1346 2968 1396 3031 καὶ

647 3085 731 3149 ’lodix
751 3083 785 3149 ἐν
808 3083 930 3158 κόλποις
953 3083 1046 3149 τόπον
1068 3085 1172 3174 λαχών

240 3209 297 3270 aut
318 3221 355 3270 ex
371 3203 476 3271 Nubis
498 3203 628 3270 allatum
651 3203 754 3270 autin
770 3201 878 3270 Sicilie
893 3203 933 3269 ab
949 3203 1073 3270 homine
1089 3201 1235 3270 Africano
1251 3205 1401 3288 scriptum
1418 3223 1487 3272 esse
1502 3223 1674 3287 censemur,
1697 3206 1877 3290 pariterque

242 3322 367 3389 titulum
389 3342 419 3389 n.
436 3322 531 3404 9533,
553 3322 657 3389 nescio
679 3338 741 3403 quo
764 3321 888 3389 Siciliae
909 3321 977 3389 loco
1000 3328 1176 3405 repertum:

650 3437 811 3528 Μνὴοόητι
833 3441 850 3504 ό
872 3438 948 3514 dede
973 3444 1030 3529 τῆς

649 3557 763 3649 όοόλης
784 3581 843 3624 σου
865 3559 1022 3645 Χρυσίδος

649 3681 697 3744 καί
719 3679 775 3754 δὸς
797 3677 881 3768 αὐτῇ
896 3681 1009 3769 χώραν
1032 3704 1098 3768 φω-

651 3799 743 3885 τινὴν,
767 3797 861 3864 τόπον
884 3798 1003 3884 ἀναψύ-

648 3919 729 3994 ξεως
753 3919 797 3994 είς
819 3919 951 3994 κόλπους
973 3920 1079 4007 Ἆβρα·

649 4038 702 4122 όμ,
723 4035 828 4102 Ἰσαὰκ
849 4037 897 4104 καλ
914 4035 1039 4123 Ἰακώβ.
1084 4040 1224 4106 Ἀνεπαύ-

650 4179 727 4220 curo
750 4159 769 4246 η
790 4159 947 4246 μακαρίας
965 4161 1091 4250 μνήμης
1114 4159 1155 4248 τῇ

650 4276 710 4361 πμὸ
733 4267 756 4340 ἆ
777 4286 886 4343 νωνῶν
910 4278 1026 4344 Μαίων.

244 4393 343 4462 Huius
371 4395 453 4461 enim
482 4395 696 4478 inscriptionis
718 4396 826 4479 priora
852 4417 976 4481 quoqne
1003 4399 1099 4466 umba
1125 4405 1303 4483 congruunt
1329 4418 1400 4466 cum
1429 4398 1530 4465 titulis
1552 4419 1572 4464 s
1593 4399 1698 4465 Nubis
1726 4399 1877 4474 oriundis,

244 4532 373 4596 quorum
397 4514 513 4598 unus⁸)
536 4515 663 4581 exhibet
685 4515 797 4580 verba:

649 4634 831 4698 ἀνάπαυσον
854 4637 907 4724 την
930 4637 1030 4723 ψυχὴν
1053 4633 1107 4724 τὴν
1129 4635 1243 4726 όοόλην
1266 4659 1323 4698 σου
1352 4636 1456 4723 Ταμὴμ
1483 4717 1494 4731 „

649 4754 815 4820 ἐπισκόπου
838 4754 871 4819 ἐν
894 4754 1018 4828 κόλποις
1035 4751 1174 4841 Ἀβραὰμ
1196 4758 1244 4822 καί
1266 4755 1349 4819 Ἰοὰκ
1371 4757 1419 4818 καὶ

255 4902 447 4924 Ἢ

348 5013 371 5078 1)
388 5031 412 5070 n.
425 5020 501 5071 orna.
622 5015 645 5085 ν)
662 5033 687 5070 n.
699 5020 774 5074 erce.
895 5016 918 5084 3)
937 5031 961 5068 n.
975 5018 1050 5072 erar.
