4748 6524
1275 695 1317 758 24

2369 837 2373 874 l

481 909 530 977 rel
546 909 578 971 ἐν
595 907 713 993 εἰρήνη,
734 905 822 968 euius
838 901 924 968 verbi
947 901 1082 965 activum
1105 915 1229 980 quoque
1251 916 1350 980 genus
1373 897 1469 963 semel
1492 902 1677 979 usurpatur:
1708 896 1882 958 ἀνέπαυσεν
1906 895 1953 958 ἐν
2004 898 2196 984 εἰρήνῃ
2210 901 2263 967 ςὶ)

481 1028 593 1096 deinde
615 1027 750 1106 aliquem
772 1043 790 1089 e
812 1021 877 1087 vita
900 1019 1086 1086 decessisse:
1121 1016 1253 1104 ἐξῆλθεν
1276 1016 1311 1079 ἐκ
1332 1019 1385 1080 τοῦ
1408 1015 1569 1098 ιιόσγιοοθ)
1615 1015 1764 1082 Similiter
1794 1017 1844 1082 hic
1871 1015 2044 1081 dicitur·
2097 1022 2251 1081 κοινοῦ
2366 997 2373 1086 i

479 1149 595 1233 βιότοιο
618 1143 797 1230 ἄμοιρος,3)
828 1143 880 1208 ille
902 1161 922 1206 o
944 1145 1045 1206 morte
1068 1139 1194 1205 oblatus
1217 1156 1300 1204 esse:
1331 1136 1468 1210 θάνατος
1491 1135 1583 1198 αὐτὸν
1606 1133 1689 1219 αἴρει
1717 1138 1770 1198 τοῦ
1797 1133 1955 1218 γιέσινν.*)
2045 1135 2249 1202 Nullum
2362 1149 2373 1304 η

479 1286 552 1333 vero
575 1264 760 1331 vocabulum
782 1279 838 1341 per
861 1279 968 1327 ornnes
985 1259 1082 1325 totius
1097 1258 1183 1324 orbis
1198 1263 1355 1322 terrarum
1371 1261 1477 1339 partes
1492 1256 1523 1320 in
1540 1253 1781 1336 frequentiorem
1798 1272 1888 1318 usum
1905 1255 2059 1334 venit,
2100 1275 2242 1336 quam

480 1381 652 1468 κοιμᾶσθαι,
668 1383 751 1464 quod
764 1399 834 1448 cum
846 1382 971 1446 omnino
983 1378 1056 1446 fido
1069 1377 1267 1444 Christianae
1279 1377 1395 1459 optime
1411 1375 1571 1441 rideretur
1585 1375 1761 1452 convenire,
1772 1380 1837 1438 tum
1856 1375 1895 1438 ab
1912 1373 2020 1454 ipso
2042 1375 2230 1441 Glrristo

424 1551 440 1556 -
479 1501 653 1569 adhibitum
676 1518 745 1565 esse
767 1498 948 1575 constabat,
977 1499 1029 1582 qui
1053 1499 1092 1566 de
1115 1499 1249 1564 Lazaro:
1283 1498 1445 1582 Λάζαρος,
1474 1495 1590 1575 inquit,
1622 1495 1639 1556 ὁ
1663 1493 1751 1580 φίλος
1780 1495 1869 1580 ήμῶν
1898 1495 2230 1582 κεκοίμηται.5>

480 1619 659 1687 Sexcenties
682 1616 779 1698 igitur
801 1615 918 1699 legitur
938 1615 1100 1704 ἐκοιμήθη,
1124 1612 1274 1703 ἐκοιμήθη
1298 1614 1330 1676 ἐν
1353 1613 1459 1700 κυρίῳ,
1483 1613 1516 1676 ἐν
1539 1613 1661 1700 εἰρήνη,
1689 1612 1722 1675 ἐν
1745 1609 1827 1696 Beni,
1856 1630 1893 1677 ec
1916 1613 1989 1677 vel
2028 1615 2220 1680 verbum

478 1737 683 1818 compositum
704 1735 745 1800 ab
768 1735 826 1802 hac
848 1751 924 1801 voce
946 1734 1115 1816 repetitum
1138 1739 1198 1812 est,
1221 1734 1305 1813 qnod
1328 1737 1431 1798 exstat
1452 1731 1484 1798 in
1507 1731 1599 1798 titulo
1623 1730 1840 1814 Smyrnaeo:⁶)

889 1851 1020 1916 ’coecos
1042 1852 1258 1915 κατάκειται..
1287 1851 1493 1936 Τιμοστράτη,
1517 1849 1659 1936 θυγάτηρ

888 1969 1039 2058 γενομένη
1063 1972 1116 2034 τοῦ
1139 1966 1403 2055 προκοιμηθέντος
1427 1965 1582 2055 cicolino.

581 2091 625 2157 Ut
646 2087 812 2174 κοιμᾶσθαι
836 2109 910 2157 voce
927 2083 978 2156 ita
1000 2089 1107 2182 multis
1130 2089 1201 2155 aliie
1224 2090 1328 2156 verbis
1351 2109 1432 2173 quae
1447 2088 1697 2156 Christianorum
1720 2095 1860 2154 veterum
1883 2089 1923 2154 de
1940 2095 2095 2158 morte
2113 2093 2194 2174 opi-

478 2211 529 2276 nio
544 2209 640 2275 inerit
655 2213 863 2294 cognoscitur.
898 2210 944 2276 Ac
958 2211 1160 2294 reperiuntur
1174 2208 1300 2292 quidem
1316 2210 1499 2283 sententiae,
1522 2226 1600 2289 quas
1616 2227 1716 2290 neque
1732 2225 1924 2290 paganorum
1943 2209 2189 2290 peculiares

477 2347 578 2412 neque
601 2329 851 2398 Christianorum
873 2331 976 2398 dicere
997 2331 1100 2408 liceat,
1124 2329 1180 2394 sed
1205 2329 1342 2394 omnium
1364 2328 1535 2405 hominum,
1559 2335 1595 2391 ut
1616 2326 1691 2392 hoc:

889 2449 922 2512 τὸ
945 2447 978 2512 δ’
1001 2447 1205 2533 ὀφειλόμενον
1228 2445 1376 2509 ἀπέδωκα
1399 2454 1438 2530 τῇ
1461 2445 1554 2530 φύσει
1577 2445 1695 2530 τέλοςῗ)

479 2572 536 2631 aot
556 2565 772 2632 mollissimum
794 2563 884 2641 illud,
906 2567 990 2648 quod
1012 2563 1151 2646 puellula
1173 2583 1227 2628 sex
1250 2581 1347 2629 annos
1369 2569 1443 2629 nata
1466 2563 1505 2628 de
1528 2581 1561 2629 se
1583 2563 1654 2646 ipsa
1675 2563 1859 2647 profitetur:

896 2680 1014 2746 Τύτι9ον
1036 2681 1213 2769 γευσαμένη
1234 2680 1343 2764 βιότου
1366 2684 1472 2768 φωτὸς
1495 2681 1611 2747 enodate
1633 2687 1734 2767 κεῖμαι

889 2799 937 2862 καὶ
960 2799 1126 2886 σφετέρων
1148 2799 1263 2866 τοκέων
1287 2803 1391 2865 παῦσον
1413 2800 1670 2889 παραιφασίηνβ)

478 2939 516 2987 oc
535 2939 575 2986 ne
596 2937 634 2986 ea
654 2918 781 3002 quidem
796 2918 920 2998 desunt,
935 2938 1016 3000 quae
1031 2939 1225 3003 paganorum
1242 2921 1342 3004 magis
1356 2941 1450 3005 quarn
1466 2919 1717 2987 Christianorum
1732 2921 1982 3004 cogitationibus
2002 2939 2155 3003 respon-

473 3037 584 3137 'deant
628 3035 712 3102 Nihil
735 3035 804 3102 dico
828 3035 868 3102 de
893 3037 987 3104 titulo
1009 3039 1195 3122 Romano‚⁹)
1221 3040 1275 3121 qui
1304 3059 1374 3106 nom
1404 3041 1534 3122 paganis
1562 3055 1690 3122 prorsus
1720 3041 1885 3106 conveniat
1912 3039 2094 3120 moribus,
2128 3055 2152 3102 a

479 3152 672 3220 Kirehholfio
695 3155 820 3222 demum
842 3154 874 3220 in
898 3152 1060 3221 titulorum
1082 3154 1335 3242 Christianorum
1359 3178 1489 3226 numero
1512 3159 1631 3224 relatus
1654 3163 1715 3224 est:

892 3272 944 3346 lic
964 3271 1083 3358 βροτὸς
1105 3274 1160 3338 οὐκ
1181 3275 1340 3360 saluimum,
1363 3277 1409 3340 ὅτι
1432 3276 1545 3340 τόσσον
1567 3277 1677 3349 κάλλος
1700 3275 1841 3364 ἀπῆλθεν

889 3393 934 3465 εἷς
957 3390 1052 3476 <tepeo

886 3509 924 3597 ἣν
946 3510 1090 3597 ήρπιιξαν
1113 3511 1174 3574 ἀπὺ
1196 3511 1314 3593 γονέων
1338 3512 1450 3596 Μοῖραι
1472 3513 1544 3585 nri,

479 3627 590 3693 omitto
612 3627 707 3692 etiam
730 3628 923 3694 monumenti
945 3628 1029 3694 illius
1051 3646 1132 3694 anno
1154 3648 1185 3712 p.
1209 3629 1282 3696 Chr.
1300 3631 1384 3695 1140
1405 3630 1551 3697 Panormi
1572 3631 1760 3714 collocatio)
1784 3651 1910 3698 verens:

889 3745 1052 3831 Αἶφνιδίως
1069 3738 1199 3833 ’Ἅρπυια
1209 3749 1331 3838 χαλεπή
1354 3748 1472 3833 πότμον

886 3862 993 3950 ἄωρον
1016 3865 1215 3953 ἀφήρπασεν.

479 3980 662 4048 recentioris
684 3979 766 4045 enim
789 3981 858 4046 oevi
879 3985 1050 4050 carminum
1072 3987 1133 4050 iam
1157 3985 1291 4052 diximus
1314 3985 1474 4069 proprium
1497 4005 1566 4052 esse
1590 4006 1706 4054 morem
1728 3994 1851 4056 veteres
1874 3985 2030 4066 imitandi3
2058 3981 2116 4046 sed

478 4098 563 4166 idern
586 4095 773 4164 vocabulum
796 4099 946 4183 ἁρπάζειν
967 4101 1016 4166 vel
1039 4105 1070 4167 in
1094 4106 1281 4171 coemeterio
1303 4107 1439 4186 quodam
1461 4105 1592 4186 legitur:

889 4218 1015 4306 ἡρπάγη
1038 4219 1230 4304 antonian)

480 4339 576 4417 atque
598 4333 692 4398 etiam
722 4333 806 4416 qood
833 4335 946 4401 titulus
969 4334 1185 4418 Syracusanus
1213 4359 1310 4422 supra
1337 4342 1452 4409 allatus
1479 4345 1589 4410 habet:
1627 4343 1762 4432 Ιινριιική
1794 4345 1905 4415 παντὸς
1929 4340 2000 4424 βίον
2027 4336 2113 4400 λύσιν

481 4449 582 4540 ἔσχεν,
606 4471 625 4517 a
647 4457 774 4517 nostrae
795 4451 868 4518 fidei
890 4453 1013 4521 ratione
1036 4457 1171 4522 alienum
1194 4460 1328 4525 videtur.

582 4573 625 4634 At
644 4569 813 4650 pleraeque
835 4571 986 4636 moriendi
1009 4573 1252 4655 significationes
1276 4577 1353 4644 tales
1376 4584 1459 4656 sunt,
1482 4579 1591 4660 quales
1614 4581 1672 4644 nisi
1689 4599 1708 4644 a
1723 4578 1910 4645 Christianis
1930 4597 1989 4644 non
2004 4579 2108 4655 potue·

480 4693 556 4752 runt
578 4687 732 4766 usurpari.
765 4686 905 4754 Primum
927 4709 1132 4757 commemoro
1148 4691 1316 4780 ἐτελειώθη
1333 4697 1517 4762 vocabulum
1533 4700 1615 4780 apud
1632 4717 1739 4765 omnes
1755 4697 1980 4780 pervulgatum,
2000 4687 2106 4758 deinde

480 4804 647 4884 formulam
670 4802 825 4894 ἐχρήσατο
849 4809 928 4872 τέλει
952 4812 1004 4873 τοῦ
1025 4810 1097 4891 βίον
1122 4809 1343 4892 intromonte
1366 4831 1436 4880 cum
1451 4821 1577 4896 praeter
1592 4815 1726 4898 Aegypti
1741 4817 1926 4898 Nubiueque
1940 4809 2101 4891 conplures

584 4973 608 5038 1)
624 4974 739 5028 naam
841 4973 864 5043 ν)
882 4977 997 5031 nonna
1097 4978 1123 5044 ν)
1141 4993 1166 5030 n.
1181 4978 1256 5033 arar.
1364 4981 1389 5046 ι)
1405 4983 1519 5036 noem.
1630 4985 1653 5048 ι)
1670 4982 1790 5054 ioum,
1810 4987 1849 5038 ιι.
1963 4983 1984 5047 ⁶)
1999 4965 2089 5032 ollii·

481 5055 506 5123 ι)
522 5057 637 5110 ιινιινε
740 5057 763 5126 ⁸)
780 5061 894 5116 τινων.
996 5062 1173 5129 araneoso.
1275 5064 1440 5130 1⁰)n.ooao.
1544 5065 1714 5134 11)n.neno.
