4748 6524
1027 783 1067 847 21

211 989 285 1055 alii
308 988 455 1055 dicuntur
476 988 591 1054 vixisse
614 988 715 1060 καλῶς
737 992 793 1052 aut
815 986 983 1071 ἀμέμπτως
1005 985 1055 1052 vel
1077 985 1178 1058 καλῶς
1200 985 1249 1047 καί
1271 983 1438 1068 ἀμέμπτως
1461 993 1493 1051 ei
1523 983 1691 1068 ἀμέμπτως
1721 985 1770 1048 καί
1798 981 1868 1048 κάλ·

209 1108 328 1186 λιστα,
351 1113 408 1172 aut
429 1107 526 1172 fuisse
548 1105 701 1190 ἄμεμπτοι
723 1106 771 1168 καί
792 1103 901 1167 ἄλυποι
923 1103 972 1170 vel
995 1103 1222 1187 ἀμεμπτότατοι
1244 1104 1292 1169 vel
1310 1103 1452 1191 χρηστοί.
1494 1102 1604 1168 Puella
1625 1103 1779 1183 quaedam
1801 1101 1869 1170 lau·

211 1229 326 1294 datur
349 1233 385 1292 ut
405 1227 553 1310 βιώσασα
577 1223 682 1299 ἁπλῶς
704 1226 752 1288 καί
774 1225 867 1296 ὁσίως
890 1224 938 1286 καί
960 1221 1176 1306 ἀμέμπτωςβ)
1201 1223 1290 1288 Acris
1318 1225 1400 1288 iacet
1422 1221 1581 1288 Marciaue
1597 1223 1695 1308 σεμνή
1711 1223 1759 1285 καί
1774 1221 1870 1308 ἄμεμ-

214 1368 310 1420 πτος
331 1347 480 1429 βιώσασα
504 1346 547 1419 εἰς
570 1346 622 1408 τὸν
646 1345 761 1428 κόσμον
784 1341 932 1424 τοῦτονβ)
958 1339 1097 1407 Catenae
1119 1341 1287 1424 Tychimus
1310 1341 1400 1404 καλὸν
1422 1339 1492 1422 βίον
1515 1341 1664 1429 (quaest)
1686 1341 1870 1410 Theodorus

210 1471 337 1532 autem
357 1463 476 1537 ὕπατος
498 1465 547 1526 καί
569 1462 648 1535 dori&
668 1462 747 1528 bene
769 1462 899 1543 audit,⁴)
922 1461 1005 1543 quod
1028 1459 1124 1526 fuerit
1146 1457 1178 1524 ἔν
1202 1483 1236 1522 τε
1259 1459 1356 1523 πίστει
1379 1460 1427 1522 καί
1449 1459 1556 1545 τμίπιμ
1579 1459 1702 1533 σεπτός.
1742 1457 1870 1542 Ἀγαθός

209 1601 355 1666 quoque
377 1584 537 1664 epitheton
559 1599 781 1664 nonnunquam
804 1581 936 1646 mortuis
958 1579 1108 1645 tribuitur
1130 1585 1186 1644 aut
1208 1577 1311 1667 ἀγαθή
1335 1581 1418 1667 ψυχή
1441 1587 1474 1646 et
1496 1579 1577 1666 ψυχή
1601 1579 1692 1666 καλή,
1714 1597 1870 1662 saepeque

210 1702 360 1768 vocibus
384 1699 513 1784 σεμνός,
544 1699 749 1783 σεμνότατος,
779 1699 892 1782 σεμνὸς
915 1697 948 1761 ἐν
971 1697 1057 1782 θεῷ,
1080 1697 1172 1780 ἁγνός
1194 1700 1380 1781 superstites
1403 1704 1536 1764 utuntur
1557 1698 1598 1763 od
1619 1697 1795 1764 laudandos
1817 1701 1870 1766 de

212 1819 365 1884 functos.
410 1817 488 1884 Aliis
511 1819 588 1884 locis
610 1819 725 1884 mortui
749 1818 896 1883 dicuntur
919 1811 1020 1904 πάσης
1039 1817 1163 1904 μνήμης
1190 1816 1269 1890 ἄξιοι
1296 1823 1352 1883 aut
1376 1817 1533 1904 μακαρίας
1558 1819 1683 1905 μνήμης
1712 1825 1746 1884 et
1770 1840 1869 1901 μακα-

210 1934 386 2024 ριωτάτης
404 1925 530 2024 μνήμης
552 1947 607 2002 ant
629 1936 852 2022 καλοκοίμηιοι.
886 1936 1035 2002 Narcisso
1058 1937 1192 2019 denique
1213 1936 1355 2019 puerulo,
1379 1938 1432 2019 qni
1455 1941 1548 2003 tertio
1571 1936 1686 2002 aetatis
1708 1955 1789 2003 anno
1804 1937 1870 2002 ani-

215 2075 313 2122 mum
329 2055 455 2135 efflavit,
480 2062 580 2122 muter
595 2061 830 2121 monumentum
846 2056 966 2135 posuit:
997 2055 1094 2141 τέκνῳ
1116 2052 1295 2140 γλυκυτάτω
1318 2055 1572 2143 ἀναμαρτήτῳβ)
1595 2057 1776 2139 pariterque
1794 2053 1867 2120 Dio·

221 2176 341 2258 nysius
363 2173 466 2239 inians
490 2174 617 2256 quidam
641 2179 771 2239 vocatur
794 2174 899 2260 νήπιος
922 2173 1078 2258 ἄκακοςθ)

334 2296 424 2359 Addo
455 2293 533 2359 satis
562 2295 699 2376 antiquis
726 2295 788 2359 iam
819 2294 1012 2376 temporibus
1039 2300 1188 2375 tanquam
1219 2293 1367 2360 virtutem
1396 2295 1427 2361 in
1454 2294 1555 2361 titulis
1582 2297 1769 2363 celebratam
1799 2314 1868 2362 esse

223 2413 432 2490 viduitatem,
460 2411 558 2478 veluti
580 2413 611 2476 in
634 2412 777 2494 sepulcro
799 2411 873 2480 Meli
896 2419 1036 2494 reperto,
1064 2414 1148 2494 quod
1170 2415 1300 2479 Rossius
1323 2415 1408 2479 tertii
1431 2421 1488 2480 aut
1510 2415 1613 2496 quarti
1641 2420 1726 2481 certe
1752 2416 1869 2482 saeculi

226 2549 301 2597 esre
316 2530 506 2610 iudicavit,')
529 2530 740 2612 compluribus
763 2533 946 2598 elericorum
971 2531 1187 2598 defunctorum
1210 2534 1387 2599 nominibus
1410 2531 1579 2614 propositis
1606 2533 1708 2597 iacere
1724 2533 1870 2598 dicuntur

224 2649 359 2736 Εάτυχία
381 2646 624 2734 παμάενεύσασα
646 2651 694 2712 καί
717 2649 891 2738 Κλαυάιανή
915 2649 1176 2735 παμάενεύσασα;
1199 2658 1295 2731 atque
1318 2651 1415 2716 etiam
1436 2651 1469 2716 in
1486 2651 1578 2716 tilulo
1596 2651 1689 2727 9448,
1712 2651 1765 2733 qui
1780 2656 1868 2717 sexto

230 2768 407 2849 septimove
429 2771 619 2850 compositus
642 2776 690 2834 est
712 2770 849 2836 saeculo:

681 2885 797 2950 ἐνάάάε
820 2887 1009 2951 ἀναπαύεται
1031 2890 1050 2976 ή
1073 2887 1288 2974 εὐλαβεστοίτη
1312 2911 1390 2973 παμ-

688 3005 780 3080 ιίένος
803 3005 947 3094 Εὐφημία
970 3007 1066 3093 δούλη
1088 3011 1141 3070 τοῦ
1165 3009 1358 3092 Χριστοῦ...

232 3123 307 3188 illud
332 3121 489 3208 παρθένος
511 3125 653 3191 consulto
676 3125 853 3207 appositum
878 3125 1002 3190 videtur
1025 3145 1104 3191 esse.
1137 3126 1375 3194 Recentioribus
1398 3126 1542 3193 videlicet
1556 3125 1690 3192 saeculis
1705 3125 1754 3191 vel
1769 3125 1868 3208 magis

232 3243 318 3310 laudi
341 3242 401 3308 luit
424 3246 524 3310 virum
546 3264 607 3310 non
630 3243 795 3325 hahuisse,
823 3246 911 3310 euius
934 3245 980 3309 rei
1003 3244 1176 3326 exemplum
1198 3243 1295 3311 affero
1318 3254 1553 3312 monumentum
1575 3264 1595 3310 a
1616 3243 1742 3310 Galatia
1763 3244 1865 3310 oriun-

234 3364 315 3442 dum,
338 3365 422 3443 quod
444 3369 476 3430 et
499 3363 601 3444 ipsum
625 3363 808 3430 collocatum
832 3369 881 3429 est
903 3365 1095 3446 Euphemiae
1117 3365 1288 3447 suidam:⁸)

683 3481 845 3568 Ειίφημίας
867 3482 979 3570 ἀυὺλης
1002 3484 1136 3568 Χριστοῦ
1160 3483 1372 3572 ἀμέμπτοο,ή

682 3599 865 3689 ἀγνοήσασα
887 3601 998 3686 ἄνδρα.

235 3715 350 3781 Eodem
374 3715 465 3781 modo
489 3717 630 3782 monaehi
653 3737 778 3801 qnoque
800 3718 948 3785 laudibus
971 3715 1152 3793 efferuntur,
1175 3725 1211 3784 ut
1233 3721 1326 3786 titulo
1350 3721 1512 3803 Aquileiae
1534 3721 1705 3804 repertod)

683 3831 812 3900 Ἐνιίοίάε
835 3841 931 3900 κεῖται
953 3835 1127 3922 Πμυκόπιος
1150 3837 1185 3910 ὃς
1208 3839 1348 3926 ἀσκήσας
1371 3837 1454 3919 εὐγε-

683 3960 744 4028 νῶς
767 3953 878 4042 ἔζησεν
890 4005 897 4020 .
911 4005 939 4021 ..

238 4072 514 4155 Panormitanoque
536 4053 650 4157 illo,¹⁰)'
666 4074 721 4157 qui
742 4075 880 4142 celebrat

682 4194 797 4280 σεμνήν
817 4195 966 4282 μοναχήν,
989 4193 1108 4281 εὐσεβῆ
1132 4192 1314 4281 θεοδοιίλην.

334 4312 380 4375 Aa
401 4309 450 4376 vel
473 4315 601 4376 externa
622 4311 705 4377 bona
726 4330 949 4394 nonnunquam
971 4312 1198 4379 collaudantur.
1244 4312 1376 4379 Athenis
1399 4313 1480 4380 iacet

681 4429 818 4517 Εάηενὴς
840 4430 919 4518 ἀνὴρ
942 4429 1127 4519 Νικηφόμος,
1138 4429 1177 4512 11)

240 4547 344 4629 Coryci
366 4553 472 4613 autem
493 4553 654 4630 repertum
677 4555 726 4615 est
747 4550 924 4631 sepulerum
947 4549 1081 4616 hominis
1103 4548 1266 4616 cuiusdam
1289 4552 1342 4613 τοῦ
1365 4545 1590 4631 εὐγενεστάτου
1607 4553 1668 4614 τῶν
1685 4548 1865 4631 sorensem-

241 4687 293 4728 ταν
316 4666 518 4750 τραπεζιτῶν,
526 4665 563 4750 l²)
587 4669 753 4736 Ravennm
775 4669 908 4751 denique
931 4677 1034 4738 exstat
1054 4670 1143 4753 lapis,
1151 4670 1189 4753 ¹³)
1211 4687 1304 4752 quem
1320 4669 1444 4735 soeculo
1459 4669 1590 4752 septimo
1606 4687 1705 4751 puero
1720 4667 1864 4735 undecim

243 4799 328 4850 annos
350 4791 425 4852 nato
447 4789 552 4869 posuit
574 4787 715 4855 isaacius
741 4795 884 4873 patruus.
928 4791 1034 4874 Atque
1055 4789 1206 4873 puerulus
1227 4786 1278 4854 ille
1301 4789 1425 4870 quidem
1448 4787 1478 4854 in
1502 4807 1539 4854 eo
1561 4785 1653 4854 titulo
1674 4787 1764 4853 audit

247 4909 435 4926 *nn-...-

335 4997 357 5060 1)
375 5014 399 5050 ιι.
412 5002 488 5054 9524.
608 4999 632 5065 ε)
649 5001 761 5056 naara.
884 5001 907 5070 ³)
925 5017 950 5054 n.
963 5003 1039 5057 oses.
1158 5001 1182 5067 ⁴)
1199 5003 1314 5056 nesto.
1435 5000 1458 5067 ν)
1476 4999 1590 5052 nossa.
1711 4999 1734 5064 ν)
1751 5013 1776 5050 n.
1789 4995 1859 5052 νυνι

521 5085 544 5152 ⁸>
560 5089 674 5142 namo.
810 5088 833 5154 ν)
850 5089 964 5142 nasto.
1101 5088 1137 5155 1ο)
1154 5088 1267 5142 nosos.
1403 5086 1439 5154 11)
1456 5087 1570 5140 nosos.
1688 5083 1725 5152 n)
1742 5084 1863 5149 neruo,
