4748 6524
1266 671 1307 735 28

1187 759 1388 770 ---....-....-.

471 888 533 950 iam
568 881 660 949 docui
693 878 895 944 immoderate
928 883 1022 959 atque
1056 873 1177 941 tumide
1210 873 1285 956 quid
1313 873 1367 954 qni
1396 871 1539 938 feceruut
1566 875 1721 940 senserint
1754 876 1894 956 exprimi.
1986 879 2240 946 Isaacium

471 999 602 1084 exempli
624 1018 720 1068 cansa
742 1019 820 1067 uxor
843 998 958 1065 dieitur
980 998 1145 1080 deplorare
1166 997 1299 1066 turturis
1322 995 1460 1078 modo:¹)

879 1116 989 1182 τούτου
1012 1115 1164 1190 θανόντος
1187 1115 1320 1190 εὐκλεῶς
1341 1118 1361 1204 ἡ
1385 1115 1517 1198 σύμβιος

2360 971 2365 1030 i

878 1235 1043 1300 Σούσαννα
1066 1237 1208 1322 σώφρων
1231 1235 1381 1320 τρυγόνος
1403 1237 1520 1322 σεμνῆς
1543 1231 1649 1318 τρόπῳ

879 1359 1002 1429 πυκνῶς
1024 1355 1165 1429 στενάζει
1188 1353 1304 1438 ἀνδρὸς
1326 1352 1533 1442 ἐστερημένη.

469 1476 586 1556 quique
608 1473 749 1540 eiusdem
771 1476 884 1540 aetatis
908 1481 956 1540 est
979 1475 1090 1542 titulus
1111 1473 1276 1542 Burberini
1299 1472 1487 1557 rapertns‚²)
1510 1473 1588 1539 bueo
1610 1472 1676 1540 iera
1698 1474 1880 1555 praebuisse
1902 1474 2122 1542 videtur.-

879 1592 905 1656 ὦ
929 1592 1029 1676 τύμβε
1052 1594 1140 1679 πικρὲ
1162 1594 1210 1656 καί
1229 1593 1405 1679 μισόβροττ
1428 1593 1507 1656 πάνυ

877 1709 1011 1801 έχθιστε,
1035 1713 1222 1801 παγκακίσιη
1246 1715 1356 1776 πασῶν
1378 1711 1541 1792 βασάνων,

878 1831 981 1906 σύδείς
1003 1854 1040 1895 σε
1062 1829 1186 1919 θνητῶν
1209 1831 1271 1906 ζῶν
1294 1828 1407 1918 ἀγαπᾷ
1429 1829 1646 1916 προςβλὲπιυν.

879 1949 944 2014 ἀλλ’
967 1951 995 2014 εί
1016 1951 1137 2014 ἅπαντα
1160 1951 1212 2014 τδν
1235 1949 1354 2033 τύμβον
1372 1951 1462 2033 μισεῖ
1478 1948 1607 2034 σφόδρα

881 2067 985 2133 ἔπειτα
1009 2077 1048 2156 τῇ
1072 2072 1117 2157 σῇ
1138 2071 1248 2154 γαστρί
1270 2068 1436 2155 κρύπτεται
1458 2071 1560 2154 τάφῳ.

471 2191 605 2256 Maxime
627 2207 700 2256 vero
723 2188 818 2256 etiam
839 2188 898 2254 hae
921 2208 955 2256 re
978 2187 1087 2254 titulos
1110 2187 1231 2256 Siculos
1253 2189 1392 2272 insignes
1414 2207 1484 2256 ease
1506 2190 1569 2254 iam
1591 2206 1682 2254 nemo
1713 2189 1772 2255 erit
1799 2190 1854 2272 qni
1880 2190 2061 2258 miretur.
2119 2194 2173 2260 Ut

471 2309 548 2374 nibil
571 2308 671 2374 dicem
693 2307 733 2374 de
754 2305 860 2373 Irenes
883 2307 1124 2374 Panormitanae
1146 2307 1332 2391 repulere)
1355 2309 1444 2375 ouius
1466 2308 1498 2373 bi
1520 2314 1595 2374 sunt
1617 2307 1709 2390 primi
1732 2325 1859 2376 versus:

881 2421 1190 2512 ΑίφνιδίωςἭρπυια
1207 2425 1329 2514 χαλεπὴ
1353 2425 1471 2511 πότμου

879 2541 985 2629 ἄωρον
1008 2544 1216 2632 ἀφήρπασεν·
1237 2543 1390 2644 ῶιδεινοῶ
1414 2543 1550 2619 πάθους·

472 2666 503 2729 in
525 2663 752 2730 Messeniorum
775 2663 905 2746 eltaro⁴)
930 2663 1035 2729 decern
1058 2663 1136 2744 ipsis
1158 2665 1301 2734 versibus
1330 2666 1512 2747 deploratur
1541 2673 1685 2732 mortuns
1713 2665 1938 2747 incusaturqae
1974 2666 2149 2746 θάνατος,

472 2783 556 2865 quod
578 2781 729 2866 neglectis
753 2788 785 2847 et
807 2781 924 2848 divitiis
946 2800 1124 2866 genereque
1146 2789 1179 2850 et
1200 2785 1371 2852 virtutibus
1394 2791 1427 2852 et
1448 2785 1548 2866 gloria
1568 2784 1656 2850 illurn
1680 2803 1697 2851 e
1719 2787 1821 2852 medio
1842 2787 2030 2855 sustulerit

881 2900 981 2988 φλόγα
1002 2901 1111 2986 βαλῶν
1133 2903 1290 2988 ἄσβεστον
1312 2904 1346 2969 έν
1370 2911 1410 2992 τῇ
1433 2903 1546 2990 καρδίᾳ

881 3023 929 3085 καί
952 3022 1111 3112 σπλάγχνα
1134 3023 1229 3111 τήξας
1252 3027 1308 3111 τῆς
1331 3022 1473 3112 ταλαίνης
1495 3021 1631 3104 συζύγου

884 3139 1028 3228 στέρησιν
1052 3140 1170 3226 ἀνδρὸς
1192 3139 1315 3226 ἀγαθοῦ
1338 3141 1534 3231 λυπουμένης
1610 3203 1612 3210 .

882 3260 930 3324 καί
952 3261 1007 3347 τὴν
1026 3258 1173 3343 μόνωσιν,
1197 3261 1275 3346 πρὸς
1297 3260 1333 3326 δὲ
1357 3263 1409 3350 τὴν
1432 3261 1583 3326 ἀτεκνίαν.

883 3377 1017 3459 γείτονες
1040 3378 1133 3443 αύτόν
1156 3379 1325 3464 δακρύουσι
1348 3382 1396 3444 καί
1419 3379 1510 3466 φίλοι,

884 3497 1008 3584 ζητοῦσι
1030 3499 1082 3562 τὸν
1105 3498 1225 3586 τροφέα
1248 3500 1362 3589 πτωχοὶ
1385 3501 1433 3563 καί
1457 3498 1553 3572 ξένοι·

885 3615 949 3680 ἀλλ’
972 3617 1046 3680 ούδὲ
1069 3617 1106 3681 τὰ
1128 3617 1249 3704 δάκρυα
1273 3620 1309 3682 τὰ
1333 3623 1385 3707 τῆς
1408 3619 1543 3701 συζύγου

885 3738 920 3802 ού
945 3737 1016 3813 τοὺς
1038 3738 1196 3824 ὀδυρμούς
1219 3743 1280 3802 τῶν
1303 3739 1400 3824 φίλων
1423 3741 1554 3804 καὶτῶν
1577 3738 1675 3812 ξένιον

884 3856 1020 3934 θάνατος
1042 3857 1245 3947 οίκτείρησεν,
1268 3857 1345 3922 ἀλλὰ
1368 3857 1525 3944 παρεῖδεν.

883 3975 946 4065 ἔχει
967 3977 1028 4063 γὰρ
1051 3979 1221 4062 ἀμείλικτον
1244 3975 1343 4052 όντιος
1358 3977 1497 4062 καρδίαν.

578 4097 777 4178 Quantopere
799 4097 839 4163 ab
862 4095 910 4162 his
933 4097 1074 4164 versibus
1097 4098 1215 4164 distant
1237 4099 1265 4164 ei
1289 4116 1367 4180 qnos
1389 4097 1524 4180 puellum
1547 4094 1631 4162 iilam
1654 4096 1787 4179 septimo
1809 4097 1921 4163 aetatis
1947 4107 2027 4160 auno
2055 4085 2108 4151 da·

477 4215 615 4280 iunctum
636 4215 822 4296 superstites
844 4213 1023 4298 loquentem
1045 4213 1204 4300 faciunt.⁵)
1249 4216 1358 4296 Breve,
1382 4216 1493 4300 inquit,
1517 4216 1599 4280 uitae
1621 4233 1710 4281 meae
1732 4216 1867 4298 apetium
1889 4213 1957 4291 fuit,

886 4329 951 4396 ἀλλ’
975 4331 1083 4420 ἔμπης,
1106 4335 1199 4423 φυγή,
1220 4334 1302 4419 μέγα
1325 4331 1440 4420 γήθεο·
1470 4333 1577 4400 δίκτυα
1599 4333 1698 4418 λυγρὰ

886 4453 933 4515 καί
954 4453 1069 4536 γοερὰς
1093 4451 1223 4534 παγίδας
1245 4449 1426 4536 προύφυγον
1449 4451 1629 4538 ἀμπλακίης.

478 4571 598 4638 Eadem
614 4571 784 4653 sententie,
807 4577 907 4637 morte
929 4570 1069 4638 homines
1091 4571 1228 4653 peccatis
1244 4571 1380 4651 liberari,
1403 4572 1615 4654 compluribus
1631 4589 1779 4655 expressa
1794 4577 1843 4638 eet
1856 4561 2100 4652 inscriptionibus
2327 4572 2332 4619 l

479 4695 511 4756 et
531 4689 716 4770 antiquioris
739 4689 807 4756 aevi
829 4694 862 4755 et
883 4688 1074 4756 recentioris.
1113 4689 1217 4775 Atque
1239 4688 1290 4754 ille
1312 4689 1439 4771 quidem
1461 4709 1554 4772 quem
1576 4689 1668 4757 modo
1691 4691 1854 4757 attulimus
1876 4688 1985 4756 titulus
2004 4675 2097 4764 quinti
2332 4666 2333 4675 ’

485 4857 682 4868 ........,
2324 4771 2333 4869 l

581 4943 604 5010 ι)
622 4944 735 4998 nesea.
855 4941 878 5011 ν)
896 4945 1011 4999 mosea
1129 4943 1152 5010 ν)
1169 4958 1194 4998 ιι.
1207 4947 1284 5000 eoae.
1403 4946 1425 5014 ⁴)
1444 4961 1470 5000 ι.
1482 4947 1558 5000 oneo.
1679 4946 1701 5012 r)
1718 4958 1744 4999 ιι.
1757 4944 1832 4998 oeoa.
