4748 6524
438 3511 440 3516 ’
526 3495 658 3564 ibidem:

1326 872 1369 936 40

627 1073 709 1142 Sunt
730 1073 857 1158 quidem
884 1095 946 1143 non
975 1076 1066 1160 pauoi
1089 1075 1245 1144 eiusmodi
1267 1075 1362 1156 tituli,
1385 1093 1518 1158 qnorum
1542 1075 1581 1142 de
1603 1077 1708 1142 aetate
1727 1073 1805 1140 eerti
1827 1071 1995 1155 quiequam
2021 1089 2088 1138 non
2109 1090 2169 1152 cog·

525 1200 684 1262 noscatur.
692 1195 718 1279 ¹)
752 1195 909 1280 Equibus
932 1214 1002 1264 oum
1024 1215 1064 1264 ne
1091 1215 1188 1263 unum
1210 1195 1336 1280 quidem
1357 1200 1393 1262 ut
1415 1194 1621 1263 recentiorem
1636 1193 1807 1260 iudicemus
1823 1190 1886 1258 nlla
1901 1207 1998 1258 causa
2014 1207 2170 1274 cogamur,

525 1315 690 1382 nonnullos
712 1313 782 1382 aliis
804 1315 868 1381 iam
890 1315 966 1382 loeis
989 1314 1228 1399 probaverimus
1244 1315 1421 1382 remotioris
1436 1314 1507 1382 aevi
1522 1331 1600 1396 esse,
1624 1331 1684 1380 non
1703 1312 1903 1380 temerarium
1918 1311 2065 1392 videtur,
2088 1327 2170 1376 enno·
2273 1301 2297 1366 fb

525 1439 574 1500 tos
597 1434 767 1517 antiquiori
789 1435 886 1502 aetati
909 1433 1059 1502 tribuere.

628 1553 694 1620 Iam
718 1571 792 1620 vero
813 1558 850 1618 ut
871 1572 890 1619 a
913 1553 1027 1636 quibus
1050 1553 1250 1654 potissimum·
1271 1557 1473 1618 monumenta
1495 1551 1647 1620 collocata
1668 1551 1732 1617 sint
1753 1552 1961 1634 inquiramus,
1985 1549 2171 1634 plerumque

526 1672 644 1740 seilicet
664 1677 812 1755 parentes
834 1670 950 1754 liberis,
974 1671 1030 1737 filii
1054 1670 1175 1740 filiaeue
1197 1672 1381 1754 parentibus
1404 1671 1548 1754 sepulcra
1570 1671 1784 1738 exstruebant.
1819 1669 1913 1738 Velut
1927 1669 2084 1753 Lugduni
2099 1668 2172 1734 hane
2294 1664 2298 1686 '

525 1791 677 1858 habemus
700 1789 985 1876 inscriptionemzi)

935 1941 1084 2026 Σεπτιμία
1106 1941 1248 2032 Ἰοολιανή
1272 1943 1363 2032 νηπία
1385 1943 1465 2010 ἐτῶν
1488 1969 1507 2030 γ
1526 1947 1637 2034 μηνῶν
1657 1934 1684 2028 β

938 2064 1068 2151 ήμερῶν
1089 2051 1108 2126 κ
1130 2063 1389 2152 κοιμηθεῖσα...
1414 2065 1531 2132 ἐνθάδε
1554 2068 1658 2130 κεῖται.
1681 2063 1790 2129 Σεπτί·

932 2205 1004 2269 μιος
1017 2231 1024 2248 .
1038 2232 1067 2249 ..
1092 2186 1141 2248 καί
1162 2181 1314 2270 Σεπτιμία
1334 2179 1479 2274 Ῥουμῖνα
1502 2189 1604 2271 γονεῖς
1626 2185 1723 2274 τέκνῳ

935 2303 1114 2390 γλοκοτάτῳ
1138 2299 1282 2392 ἔστησαν.

526 2422 659 2488 Brevius
681 2423 789 2490 eadem
812 2422 924 2490 titulus
947 2425 1105 2491 Romanus
1128 2423 1316 2508 deelaratz⁸)

934 2541 1058 2628 Διδύμην
1082 2541 1263 2628 γλοκοτάτῳ
1287 2545 1315 2606 οἱ
1338 2545 1451 2626 γονεῖς.

525 2659 644 2729 Ibidem
667 2681 685 2728 e
707 2665 893 2730 coemeterio
915 2663 1040 2731 Callisti
1063 2671 1095 2730 et
1116 2661 1311 2729 Praetextati
1334 2671 1444 2731 erutus
1468 2673 1517 2732 est
1538 2667 1589 2735 hio
1611 2665 1739 2751 lapis:⁴)

934 2781 1064 2870 Μνήμης
1081 2781 1175 2870 χάριν
1199 2787 1322 2866 γονεῦσι
1345 2786 1458 2868 ἁγνοῖς,
1487 2785 1645 2874 Τροφέριμ

936 2901 1028 2986 πατρί
1050 2902 1098 2969 καί
1120 2900 1336 2992 ἰίριοτοκράτη
1356 2905 1452 2994 μητρί
1475 2904 1652 2988 Ἀγαάοκλία

935 3023 983 3084 καὶ
1007 3021 1077 3110 Νίκη
1101 3021 1275 3108 θυγατέρες
1298 3025 1345 3088 καλ
1364 3019 1550 3114 Ἀγαάοκλής
1574 3025 1646 3100 οίάς.

628 3141 748 3208 Deinde
779 3160 839 3207 non
868 3159 940 3207 raro
970 3141 1083 3209 iratres
1110 3162 1295 3226 sororesque
1325 3149 1380 3210 aut
1410 3147 1557 3228 coniuges
1585 3147 1772 3229 superstites
1802 3149 2002 3212 monumenta
2033 3143 2165 3210 mortuis

526 3258 728 3336 collocabant,
752 3265 787 3327 ut
809 3261 926 3327 Romm
948 3259 981 3325 in
1004 3262 1189 3328 coemeterio
1212 3261 1379 3344 cyriacae:

934 3375 1038 3453 Πίοτις
1060 3387 1106 3466 τῷ
1129 3379 1197 3466 ίδίῳ
1221 3379 1354 3467 ἀδελφῷ
1373 3383 1498 3471 μνήμην
1521 3381 1717 3472 άνέάηκενά)

937 3580 1130 3657 Φιλιππιανὸς
1153 3579 1287 3668 ἀδελφῷ
1310 3583 1485 3672 άονγκρίτῳ
1508 3588 1558 3650 καί

935 3698 1113 3788 ἐπιζηιητηῖ
1131 3703 1256 3790 μνήμης
1272 3705 1366 3792 χάριν
1389 3704 1577 3793 ἐποίησενά)

527 3854 560 3919 in
582 3855 770 3922 coemeterio
792 3855 962 3923 Thrasonis
986 3861 1019 3923 et
1040 3855 1216 3924 Saturnini:
1668 3827 1672 3836 Ι

938 3974 1056 4061 Μάρκῳ
1081 3975 1220 4066 Αάρηλίῳ
1243 3977 1369 4063 ονμβίῳ
1391 3977 1566 4066 ἐπιζηπητῷ
1588 3977 1804 4066 Σαβινιανή.7)

526 4090 560 4156 in
583 4091 770 4157 coemeterio
793 4091 975 4160 Tertullini:

942 4214 988 4301 Τῇ
1011 4214 1101 4302 κυρίᾳ
1124 4216 1171 4278 καί
1194 4215 1370 4302 άειμνήοτιμ
1394 4216 1518 4303 ονμβίῳ
1542 4216 1726 4304 Μαρκίᾳ...

932 4328 1076 4396 ’άλυπίων
1100 4331 1253 4422 ἐποίησεν.
1261 4333 1286 4418 ⁸)

529 4445 634 4512 Etiam
656 4449 829 4530 complures
852 4452 1042 4533 propinquos
1065 4471 1130 4518 rem
1154 4453 1330 4536 suscepisse
1351 4455 1442 4522 docet
1469 4453 1581 4520 titulos
1604 4451 1839 4537 Gyr·eneosia,⁹)
1867 4471 1959 4534 quem
1984 4453 2152 4522 Demetrias

529 4565 652 4630 auidam
675 4573 707 4632 et
728 4566 823 4636 fidolo
846 4571 913 4636 eius
934 4578 1107 4654 posuerunt

936 4689 1109 4765 Κάλλιππος
1132 4692 1149 4752 ὁ
1172 4690 1251 4779 ἁνήρ
1273 4691 1368 4780 αὐτῆς
1390 4693 1438 4754 καί
1460 4691 1571 4776 ἑκυρὸς
1594 4690 1687 4754 αὐτοῦ

937 4807 1030 4884 Γάιος
1052 4811 1100 4873 καὶ
1122 4809 1265 4895 γαμβρὸς
1288 4809 1381 4874 αὐτοῦ
1404 4808 1612 4891 Πολύβονλος.

631 4923 710 4989 Tum
726 4925 907 5006 saepissimo
920 4927 1032 5010 aliquis
1047 4947 1115 4996 sese
1131 4929 1243 4995 emisse
1258 4929 1318 4995 sibi
1333 4929 1461 5011 suisque
1476 4928 1684 5011 sepulcreturn
1699 4927 1814 4995 litteris
1827 4926 1965 5006 mandat,
1982 4932 2018 4994 ut
2028 4929 2165 4997 Romae:

632 5178 656 5242 1)
673 5191 698 5231 n.
711 5182 786 5234 orso.
804 5183 879 5234 asos.
898 5183 973 5234 osas.
991 5184 1067 5236 asra.
1086 5183 1161 5238 oser.
1179 5183 1254 5236 sess.
1375 5180 1398 5246 ι)
1415 5183 1529 5237 nossa
1633 5183 1655 5249 p
1674 5183 1788 5236 nosos.
1898 5180 1923 5244 ι)
1940 5194 1965 5232 ι,
1979 5183 2057 5237 aare

531 5263 684 5330 pamm
786 5265 939 5332 pnmm
1044 5267 1198 5335 pamm
1302 5267 1457 5336 onum
1559 5266 1713 5334 numm
